3952 5648
917 221 1072 351 je-

204 445 283 509 illud
307 444 401 509 nobis
424 447 565 530 inprimis
589 444 821 530 providendum
839 457 895 525 est,
919 458 954 510 ut
970 469 1035 510 eam
1052 447 1206 509 rationem
1221 447 1371 525 ineamus,
1396 455 1504 530 quaet
1520 457 1786 512 omnesveterum

203 554 376 617 sententiae
400 563 552 635 quantum
574 550 645 615 fieri
667 561 775 636 potest
796 554 927 616 maxime
950 555 983 616 iu
1007 552 1211 616 concordiam
1235 552 1426 638 redigantur,
1450 573 1553 636 neque
1577 574 1785 618 333333133-

153 708 156 714 .
204 669 272 722 tura
297 657 489 721 discedatur.
536 657 594 720 1113
621 679 698 721 3333
728 658 842 721 113313
866 681 900 721 33
925 679 994 721 3331
1018 662 1150 723 inventu
1172 658 1256 723 baud
1280 657 1450 724 admodum
1475 655 1627 738 difficilis,
1656 671 1721 723 tum
1745 656 1785 722 ad

202 766 335 828 bominis
363 786 468 828 rerum
497 762 788 850 cognoscendarum
817 763 953 828 studiosi
980 767 1075 828 vitam
1103 763 1432 849 consuetudinemque
1462 764 1785 829 accommodatissima

201 870 338 935 videtur.
384 873 507 934 Etenim
537 870 614 934 nihil
642 879 690 933 est
717 868 917 954 probabilius
947 892 1039 959 quam
1068 873 1253 936 historicum
1280 874 1312 936 iu
1342 881 1431 934 tauto
1455 892 1552 955 opere
1575 870 1785 956 perficiendo,

201 998 268 1062 quo
290 998 342 1040 res
365 980 463 1040 totius
485 975 716 1063 propemodum
740 986 893 1040 terrarum
917 975 1005 1040 orbis
1030 977 1191 1062 amplexus
1216 987 1276 1055 est,
1301 975 1453 1063 quodque
1477 998 1536 1041 suo
1560 981 1653 1041 unius
1677 976 1783 1041 studio

202 1105 239 1148 ac
262 1081 372 1146 labore
396 1083 503 1161 iratus,
528 1105 597 1146 cum
621 1081 784 1147 scribendi
807 1082 986 1147 adiumenta
1011 1094 1041 1147 et
1064 1081 1214 1160 subsidia,
1239 1082 1355 1172 quibus
1378 1093 1531 1160 uteretur,
1555 1095 1607 1148 aut
1627 1083 1714 1148 nulla
1731 1092 1790 1147 aut

200 1211 361 1276 perpauca
384 1189 444 1253 illis
469 1189 665 1274 temporibus
689 1200 804 1266 essent,
828 1200 1020 1272 susceperat,
1042 1189 1094 1252 vel
1117 1193 1276 1253 maximam
1300 1193 1384 1253 vitae
1400 1200 1522 1275 partem
1539 1192 1790 1275 consumpsisse.

201 1297 261 1362 alia
284 1295 492 1372 emendando,
516 1317 597 1379 quae
620 1298 736 1358 rectius
760 1295 958 1380 explorasset
974 1307 1004 1359 et
1020 1299 1246 1381 investigasset,
1269 1296 1328 1360 alia
1345 1294 1493 1373 delendo,
1517 1295 1576 1358 alia
1593 1293 1783 1360 adiiciendo.

202 1403 304 1469 Cuius
336 1401 381 1466 rei
413 1401 659 1465 luculentissima
691 1399 725 1466 in
756 1411 869 1465 nostro
902 1401 1006 1464 adhuc
1029 1401 1112 1467 libro
1137 1413 1260 1467 exstant
1283 1402 1436 1487 exempla;
1469 1424 1604 1486 quorum
1628 1411 1662 1464 ut
1686 1422 1785 1464 unum

200 1509 338 1587 afferam,
363 1509 462 1573 locus.
476 1507 529 1570 ille
552 1507 608 1575 lib.
628 1507 683 1585 Vl,
707 1529 732 1571 c.
751 1513 814 1576 122
839 1505 1018 1574 challiae
1041 1508 1197 1589 laudibus,
1222 1531 1314 1594 quem
1338 1512 1455 1594 optime
1479 1508 1605 1572 videtur
1621 1508 1783 1591 Schweig-

199 1616 369 1680 haeuserus
397 1637 415 1678 a
439 1614 693 1678 Valckenariana
722 1617 865 1690 νοθείας
892 1618 1075 1700 3333131333
1105 1614 1301 1693 defendisse,
1330 1618 1388 1679 etsi
1417 1616 1628 1680 aschaefero
1653 1634 1783 1700 quoque

199 1732 236 1785 ut
256 1720 447 1801 „Pennus
473 1718 625 1806 turpis,
649 1716 826 1783 adsutus
846 1741 1063 1807 purpurae
1084 1720 1317 1787 Herodoti“
1341 1725 1431 1786 uncis
1454 1721 1594 1786 inclusus
1620 1732 1681 1799 est,
1711 1741 1783 1784 cum

200 1831 309 1914 3331113
332 1831 476 1914 proxime
498 1825 720 1913 praecedentis
744 1831 839 1909 (121)
862 1827 1036 1911 particulae
1059 1855 1104 1896 τε
1127 1830 1272 1912 sequenti
1296 1826 1420 1892 demum
1437 1831 1540 1913 capite
1565 1831 1658 1909 (123)
1684 1825 1784 1888 311333

196 1934 352 2021 particula
374 1935 442 2001 aul
463 1932 658 2018 respondeat
670 1933 704 2013 ¹),
727 1953 794 1995 333
818 1933 878 1996 3113
893 1936 1019 1998 3311333
1034 1945 1107 2020 3313
1124 1934 1273 2019 explicari
1287 1945 1402 2020 potest,
1426 1957 1518 2019 quam
1534 1944 1568 1998 ut
1585 1933 1784 1997 interiectum

197 2041 277 2106 illud
302 2050 396 2126 caput
420 2046 539 2121 (122),
572 2038 776 2103 3333331113
800 2042 894 2103 311331
917 2039 1084 2105 codicibus
1110 2044 1275 2119 omissum,
1305 2043 1485 2127 posteriore
1508 2041 1614 2125 aliquo
1638 2049 1784 2122 tempore

197 2148 237 2213 ab
261 2148 433 2212 Herodoto
458 2146 600 2210 additum
624 2167 694 2210 esse
719 2149 936 2225 existimemus,
962 2147 1051 2231 quod
1074 2147 1158 2211 baud
1183 2151 1250 2212 scio
1275 2169 1315 2212 an
1338 2148 1378 2211 ab
1403 2159 1533 2212 auctore
1555 2150 1626 2231 ipso
1649 2149 1682 2208 in
1705 2165 1784 2208 mar-

196 2259 267 2344 gine
291 2256 522 2320 commentariis
546 2256 611 2316 suis
635 2251 837 2336 adscriptrrm,
860 2275 956 2343 quum
979 2251 1036 2318 illo
1059 2257 1118 2317 iam
1142 2265 1269 2319 mortuo
1292 2252 1375 2317 liber
1397 2257 1430 2318 13
1453 2253 1616 2340 3311113333
1640 2274 1696 2316 333
1719 2252 1784 2337 331-

162 2422 168 2429 ,
195 2385 278 2426 mum
303 2384 360 2425 seu
388 2364 501 2424 iterum
527 2363 732 2435 emitteretur,
761 2357 801 2420 ab
826 2357 950 2424 editore
972 2362 1072 2424 textui
1094 2363 1246 2424 insertum
1268 2363 1317 2424 311.
1347 2399 1389 2413 --
1419 2364 1466 2424 Ac
1488 2382 1530 2424 ue
1553 2358 1631 2423 illud
1655 2358 1783 2450 quidem

196 2466 388 2533 credendum
413 2479 469 2544 331,
493 2489 560 2531 333
584 2478 698 2531 133333
720 2475 820 2528 totum
845 2464 884 2528 ab
906 2466 1077 2532 Herodoto
1102 2466 1218 2530 librum
1242 2471 1466 2553 conscriptum,
1489 2465 1547 2530 sed
1570 2465 1668 2530 modo
1692 2465 1782 2540 banc,

194 2575 292 2640 modo
315 2575 401 2638 illam
421 2577 532 2659 operis
556 2583 675 2659 partem
701 2569 869 2636 occasione
893 2570 965 2634 data
987 2571 1180 2636 elaboratam
1197 2595 1274 2638 esse.
1312 2574 1409 2639 Unde
1424 2596 1491 2638 non
1507 2572 1589 2636 adeo
1605 2570 1783 2636 mirandum

198 2689 258 2754 est,
286 2677 313 2740 si
336 2676 413 2760 quid
436 2682 470 2740 in
492 2689 554 2740 tam
577 2683 726 2741 immensa
747 2700 853 2739 rerum
877 2679 969 2761 copia
993 2683 1173 2742 memoriam
1198 2684 1265 2744 eius
1287 2680 1415 2764 fugerit,
1446 2679 1533 2762 quod
1557 2689 1660 2740 tamen
1684 2675 1782 2739 semel

198 2792 329 2864 tantum,
355 2782 442 2871 quod
466 2779 624 2856 sciamin
648 2800 683 2841 se
707 2780 837 2856 admisit,
862 2779 981 2844 oblitus
1006 2782 1093 2866 quod
1117 2781 1172 2845 lib.
1191 2784 1264 2860 Vll,
1289 2805 1314 2846 3.
1330 2787 1397 2852 213
1421 2791 1496 2844 extr.
1520 2783 1722 2865 promiserat,
1746 2800 1783 2845 33

196 2889 259 2952 3113
282 2891 315 2950 13
339 2885 422 2948 111133
446 2906 504 2947 333
528 2886 708 2951 narratione
720 2884 747 2965 ⁹)
770 2907 876 2948 veram
900 2908 1057 2965 caussam,
1075 2910 1132 2951 cur
1153 2888 1316 2972 Ephialtes
1339 2897 1555 2951 trecentorum
1570 2884 1781 2950 Lacedaemo-

194 2997 319 3059 niorum
342 2996 375 3055 in
390 2990 618 3075 Thermopylis
642 2990 856 3055 dimicantium
879 2992 1029 3076 proditor
1045 2994 1084 3057 ab
1100 2994 1265 3058 Atheuade
1281 2995 1466 3059 interiectus
1483 3004 1574 3070 esset,
1600 2994 1778 3061 allaturum.

194 3103 309 3193 Neque
334 3100 415 3163 enim
440 3101 605 3182 quisquam
628 3106 799 3181 propterea
822 3119 892 3159 cum
916 3099 1116 3166 Dablmauno
1147 3100 1359 3186 (13348)
1389 3099 1531 3164 nondum
1557 3101 1642 3163 bunc
1665 3099 1803 3167 librum.

195 3208 384 3281 absolutum,
408 3203 466 3267 sed
490 3204 630 3266 auctoris
652 3211 754 3266 morte
769 3205 978 3287 interruptum
996 3227 1064 3271 3333
1079 3206 1275 3284 iudicaverit,
1299 3230 1368 3271 cum
1385 3208 1489 3270 Persis
1505 3204 1632 3269 duobus
1648 3205 1779 3290 proeliis

193 3325 279 3378 terra
302 3315 442 3396 marique
465 3309 506 3372 ad
523 3309 664 3373 Plataeas
688 3320 719 3373 et
735 3308 887 3393 Mycalen
912 3309 1058 3390 devictis,
1082 3313 1334 3398 exercitibusque
1359 3324 1390 3378 et
1406 3311 1732 3377 Lacedaemoniorum
1748 3320 1780 3376 31

194 3421 433 3485 Atheniensium
450 3421 482 3481 iu
498 3419 629 3501 patriam
645 3415 793 3492 reductis,
817 3425 914 3480 totam
930 3439 1006 3494 rem,
1031 3440 1123 3502 quam
1139 3418 1199 3482 sibi
1217 3419 1410 3484 Herodotus
1421 3429 1643 3506 proposuerat,
1660 3418 1779 3504 optime

193 3527 278 3591 libro
309 3545 405 3591 nouo,
428 3523 468 3586 ad
496 3527 610 3587 exitum
637 3520 828 3606 perductum
856 3545 927 3588 esse
949 3536 1110 3610 appareat.
1142 3561 1185 3574 -
1216 3526 1261 3589 Ut
1283 3547 1375 3603 vero,
1408 3547 1488 3611 quae
1511 3548 1529 3589 a
1551 3525 1713 3590 veteribus
1738 3525 1779 3592 de

195 3630 404 3699 conficiendis
428 3630 514 3694 bisce
538 3631 701 3693 Musarum
723 3626 812 3691 libris
835 3628 949 3693 tradita
973 3641 1055 3707 sunt,
1078 3631 1189 3716 paullo
1213 3631 1344 3696 uberius
1368 3655 1606 3718 persequamur,
1630 3632 1779 3698 omnibus

194 3741 262 3805 fere
284 3741 384 3816 terris,
409 3757 490 3821 quae
512 3735 565 3798 illa
590 3733 715 3819 quidem
740 3745 841 3798 aetate
863 3747 961 3800 notae
985 3747 1100 3815 essent,
1132 3738 1338 3823 perlustratis,
1363 3741 1488 3805 Samum
1511 3740 1644 3803 insulam
1673 3762 1779 3804 rever-

195 3869 262 3924 sus,
293 3849 354 3907 iam
384 3855 447 3907 tum
476 3853 607 3907 auctore
632 3839 729 3905 Suida
761 3845 806 3923 (s.
827 3864 856 3903 v.
879 3838 1091 3935 Ἡρόδοτος)
1123 3844 1284 3909 historiam
1314 3868 1400 3911 suam
1431 3846 1776 3932 litterisconsiguavit.

196 3950 297 4038 Quod
325 3950 408 4013 baud
439 3947 536 4012 dubie
564 3949 606 4010 ita
636 3957 683 4011 331
713 3945 965 4032 intelligendum,
999 3960 1034 4014 ut
1060 3951 1168 4036 primis
1193 3961 1270 4015 tunc
1291 3951 1490 4017 lineamentis
1513 3952 1717 4018 adumbratos
1741 3977 1778 4018 ac

196 4056 374 4142 descriptos
394 4078 476 4123 ,3333
504 4056 704 4120 historiarum
736 4051 834 4118 libros
864 4064 1047 4120 statuamus.
1098 4054 1216 4120 Suidae
1246 4061 1328 4122 enim
1359 4063 1576 4124 auctoritatem
1607 4082 1645 4124 eo
1674 4065 1775 4125 miuus

194 4186 326 4251 prorsus
349 4166 478 4226 reiicere
503 4160 662 4239 debemus,
688 4159 776 4246 quod
801 4162 919 4244 optime
945 4165 1103 4226 consentit
1126 4185 1195 4226 cum
1220 4165 1371 4228 Lucieno.
1417 4165 1448 4227 Is
1471 4187 1549 4230 rero
1574 4167 1775 4232 Herodotum

197 4272 292 4336 domo
316 4291 373 4333 sua
396 4267 503 4331 relicta
527 4291 544 4333 e
568 4267 662 4332 Caria
685 4271 718 4332 in
742 4267 908 4332 Graeciam
931 4270 1101 4353 navigasse,
1124 4266 1234 4353 ibique
1259 4291 1329 4333 cum
1352 4267 1419 4333 ludi
1445 4269 1608 4358 Olympici
1633 4273 1774 4336 celebra-

221 4555 245 4621 ¹)
264 4569 285 4604 c.
299 4552 362 4604 121:
380 4548 499 4618 Kal-llas
515 4571 550 4605 τε
567 4549 618 4621 yolo
630 4549 727 4620 porinus
737 4546 1039 4620 Ἀθηναίοινοὶποὶντων
1050 4546 1149 4622 ἐτόλμα
1168 4573 1192 4606 ιι.
1204 4573 1229 4611 τ.
1243 4549 1268 4610 l.
1285 4555 1431 4608 -e.123:
1450 4562 1503 4608 aul
1522 4553 1550 4608 οἶ
1567 4550 1775 4622 Ἀλκμαιονίδαι

266 4636 364 4708 ὁμοίως
381 4636 397 4706 ἢ
419 4636 497 4693 oridia
513 4632 595 4709 ἧσσον
612 4636 705 4694 τούτου
720 4641 784 4694 ἴσον
801 4638 1004 4712 μισοτύραννοι.

222 4733 247 4798 ²)
266 4728 295 4782 ἐν
314 4730 385 4779 τοῖσι
408 4726 508 4781 ὄπισθε
528 4722 646 4796 λόγοισι,
671 4725 804 4801 quomodo
822 4723 972 4780 Herodotus
998 4725 1031 4782 dc
1055 4727 1129 4783 libris
1153 4731 1208 4784 suis
1231 4727 1274 4784 vel
1298 4728 1331 4784 de
1355 4727 1464 4802 singulis
1486 4730 1576 4804 operis
1593 4732 1636 4787 sni
1657 4733 1774 4808 partibus

266 4814 340 4890 loqui
358 4810 433 4866 solet.
469 4813 511 4875 cf.
530 4812 647 4870 Wessel.
666 4823 693 4868 et
712 4813 862 4890 Schweigb.
881 4814 960 4892 prael.
980 4837 1007 4895 p.
1019 4815 1118 4874 XXVI.
1139 4839 1161 4874 3.
1179 4829 1233 4875 331.
1248 4837 1275 4893 y.
