3952 5648
1035 237 1063 322 2

259 466 377 548 ingenii
405 461 612 526 habebantur.
658 462 710 527 Ad
740 465 823 547 ipsas
854 483 933 526 vero
964 483 1105 538 caussas,
1141 482 1222 546 quae
1253 471 1388 539 tantum,
1418 470 1479 524 tarn
1510 459 1693 525 diuturnum
1715 472 1847 547 tamque

262 571 394 636 Graecis
425 573 640 656 perniciosum
671 569 788 632 bellurn
821 567 1011 645 excitabant,
1044 567 1236 631 enarrandas
1266 566 1341 630 inde
1374 590 1391 630 a
1416 571 1517 652 capite
1547 570 1697 631 vicesimo
1727 579 1846 653 quarto

232 730 235 735 .
260 687 486 760 transgressus,
517 678 680 738 nonsatis
705 697 775 738 esse
800 674 900 752 duxit,
931 677 1130 759 superiorum
1155 675 1376 737 historicorum
1400 697 1503 751 more,
1533 685 1568 735 ut
1592 673 1767 752 Herodoti,
1789 696 1846 738 eas

261 783 343 847 solas
369 788 509 867 quamvis
533 780 603 844 fuse
627 792 658 844 et
681 785 814 866 copiose
837 781 987 857 attulisse,
1013 802 1093 864 quae
1117 778 1156 842 ab
1181 780 1426 843 Atheniensibus
1450 792 1480 844 et
1503 779 1762 843 Lacedaemoniis
1785 802 1846 865 pa·

260 889 320 953 lam
348 886 592 973 proferebantur
622 892 904 973 (cap.24-88),
933 886 990 949 sed
1020 908 1090 949 cum
1113 885 1204 948 fictas
1233 909 1270 949 ac
1296 885 1454 949 simulatas
1486 889 1624 964 avaris,
1655 894 1843 971 quamquain

260 999 404 1060 oratioue
427 997 556 1056 maxime
580 994 758 1072 occultatis,
782 996 1031 1079 ingeniosissime
1056 997 1143 1076 (cap.
1159 995 1223 1073 23)
1253 991 1459 1068 distinxisset,
1487 990 1529 1056 de
1551 993 1598 1055 his
1623 1015 1752 1078 quoque
1776 1013 1845 1056 non

259 1103 361 1164 minus
392 1110 537 1163 accurate
566 1122 603 1163 ac
632 1099 797 1185 diligenter
827 1097 1045 1164 disserendum
1073 1098 1234 1168 iudicavit.
1283 1099 1349 1162 Has
1372 1100 1467 1182 igitur
1489 1120 1627 1177 caussas,
1657 1122 1737 1184 quae
1761 1098 1845 1162 duae

260 1206 356 1269 fuisse
379 1215 600 1282 memorantur,
625 1217 656 1269 et
674 1208 910 1270 Atheniensium
933 1209 1075 1290 potentia
1099 1204 1142 1270 ob
1165 1204 1302 1268 studium
1319 1204 1414 1268 rebus
1432 1206 1567 1267 Persicis
1584 1217 1729 1268 navatnm
1747 1208 1844 1290 magis

259 1315 420 1398 magisque
444 1322 544 1386 aucta,
569 1322 599 1374 et
616 1312 941 1376 Lacedaemoniorum
966 1333 1003 1376 ex
1025 1312 1083 1375 hac
1106 1315 1175 1397 ipsa
1197 1334 1232 1376 re
1255 1321 1324 1376 orta
1348 1309 1467 1374 invidia
1491 1333 1528 1374 ac
1550 1322 1659 1387 metus,
1684 1310 1845 1396 explicans

259 1415 475 1501 Thucydides,
499 1427 599 1479 totum
622 1417 701 1481 illud
724 1440 852 1508 quoque
870 1423 1093 1504 quinquaginta
1109 1418 1175 1480 lere
1191 1439 1344 1481 annornm
1361 1417 1506 1503 spatium,
1531 1417 1616 1501 quod
1634 1415 1716 1482 inter
1733 1419 1845 1479 Xerxis

260 1543 297 1586 ex
321 1522 455 1586 Graecia
478 1521 612 1585 reditum
639 1533 669 1586 et
693 1522 768 1586 belli
790 1524 1056 1609 Peloponnesiaci
1080 1527 1201 1586 initium
1225 1527 1405 1586 intercessit
1418 1525 1442 1605 ¹)
1468 1534 1497 1587 et
1520 1526 1846 1615 πεντηκονταεπηρίς

262 1651 318 1693 seu
334 1632 616 1720 πεντηκονταετία
640 1628 894 1693 aGrammaticis
911 1631 1136 1711 nominatur²),
1161 1630 1253 1693 solita
1277 1650 1333 1692 sua
1357 1627 1518 1713 diligentia
1542 1631 1742 1714 quantumvis
1766 1651 1845 1714 pau-

261 1738 304 1798 cis
328 1735 530 1820 persequitur
553 1740 641 1819 (cap.
657 1740 845 1812 88-118).
891 1736 952 1814 lta,
976 1736 1064 1822 quod
1087 1759 1182 1821 supra
1207 1735 1324 1798 dictum
1349 1745 1407 1813 est,
1437 1758 1546 1800 omnes
1571 1736 1767 1800 Graecorum
1791 1755 1845 1797 res

260 1841 322 1906 hoc
348 1845 450 1926 primo
480 1840 563 1904 libro
590 1840 772 1905 historicum
801 1852 944 1905 nostrum
968 1845 1080 1928 partim
1105 1842 1235 1906 uberius
1260 1852 1291 1906 et
1315 1845 1478 1927 copiosius
1501 1840 1700 1927 exposuisse,
1728 1842 1845 1926 partim

259 1947 399 2012 breviter
423 1949 643 2032 perstrinxisse
666 1959 761 2033 atque
785 1952 923 2033 attigisse
945 1948 1098 2012 videmus.

393 2052 458 2117 Sed
481 2057 515 2115 in
539 2054 623 2115 hunc
646 2058 834 2139 scriptorem
850 2055 900 2118 vel
917 2055 1138 2140 explicandum
1154 2055 1205 2118 vel
1223 2051 1453 2119 emendandum
1470 2075 1656 2146 quamquam
1673 2055 1843 2140 plurimum

260 2169 370 2224 nostra
393 2163 523 2223 maxime
547 2170 650 2222 aetate
674 2180 791 2244 operae
813 2183 849 2223 ac
871 2159 966 2223 studii
983 2160 1022 2223 ab
1040 2160 1216 2225 editoribus
1232 2164 1421 2245 insumptum
1440 2183 1509 2224 esse
1524 2164 1630 2246 negari
1645 2182 1710 2224 non
1726 2170 1845 2245 potest,

262 2265 347 2330 haud
376 2288 477 2350 pauca
505 2276 609 2328 tamen
638 2270 670 2329 in
693 2269 795 2350 primo
818 2269 991 2352 praecipue
1014 2267 1097 2332 libro
1122 2266 1370 2352 deprehendisse
1393 2267 1467 2329 mihi
1489 2267 1615 2345 videor,
1644 2289 1725 2352 quae
1747 2270 1846 2329 inter-

260 2374 359 2457 pretis
384 2371 487 2434 adhuc
511 2393 605 2435 curae
629 2382 660 2434 et
683 2372 791 2435 auxilii
813 2370 983 2457 indigeant.
1031 2372 1177 2458 Quorum
1200 2373 1378 2451 nonnullis,
1407 2374 1464 2436 hac
1488 2374 1648 2437 scribendi
1671 2373 1847 2437 occasione

261 2476 381 2556 oblata,
411 2481 438 2540 si
462 2477 538 2562 quid
562 2479 636 2541 mihi
659 2476 740 2540 lucis
764 2478 905 2542 attulisse
929 2478 1109 2562 contigerit,
1133 2482 1236 2563 iisque
1258 2481 1414 2564 inprimis,
1438 2481 1470 2543 in
1495 2480 1610 2565 quibus
1634 2477 1848 2564 Thucydides

260 2572 334 2647 aliis'
356 2587 466 2648 aetatis
496 2607 572 2648 suae
601 2583 814 2668 scriptoribus
843 2587 1037 2668 maximeque
1068 2584 1240 2649 Herodoto
1271 2596 1379 2670 aperte
1409 2596 1578 2670 repugnat,
1613 2584 1696 2648 haud
1726 2585 1848 2649 frustra

258 2713 307 2755 me
329 2689 494 2754 laborasse
516 2688 667 2754 benevoli
689 2690 825 2755 lectores
848 2690 999 2755 iudicent.
1044 2694 1157 2778 Itaque
1180 2691 1221 2754 ad
1245 2692 1366 2778 singula
1389 2713 1449 2757 nos
1471 2693 1533 2755 iam
1557 2701 1792 2758 convertamus.

276 2830 284 2849 ’
391 2843 459 2907 Lib.
476 2845 502 2908 Ι.
519 2865 587 2926 cap.
606 2847 656 2912 10.
700 2843 752 2906 Ne
776 2844 846 2925 quis
870 2864 907 2904 ex
931 2864 979 2919 eo,
1004 2842 1091 2927 quod
1109 2844 1276 2927 Mycenae,
1303 2847 1543 2928 Agamemnonis
1566 2851 1678 2909 summi
1701 2852 1843 2915 omnium

261 2952 456 3017 Graecorum
482 2946 570 3010 ducis
594 2950 692 3031 regia,
721 2969 853 3032 parvum
877 2947 970 3010 fuerit
994 2948 1163 3034 oppidum,
1193 2949 1428 3035 expeditionem
1452 2951 1535 3014 illam
1559 2954 1591 3014 in
1615 2954 1774 3018 Troianos
1798 2957 1844 3021 fa·

261 3069 341 3120 ctam
363 3077 430 3120 uon
453 3064 569 3117 tantam
593 3053 691 3115 fuisse
715 3051 850 3137 colligat,
874 3067 1021 3138 quantam
1046 3066 1076 3118 et
1098 3067 1214 3140 poetae
1239 3060 1410 3120 cecinerint
1434 3067 1464 3121 et
1481 3057 1560 3121 lama
1578 3058 1762 3140 obtinuerit,
1786 3086 1847 3129 no-

259 3163 425 3227 bilissimas
449 3158 752 3246 potentissimasque
775 3159 983 3244 Thucydides
1006 3183 1083 3224 suae
1106 3165 1216 3225 aetatis
1240 3161 1346 3239 urbes,
1370 3163 1515 3248 Spartam
1539 3175 1569 3227 et
1586 3167 1733 3246 Athenas,
1757 3170 1847 3235 inter

260 3293 294 3334 se
325 3279 499 3353 comparat,
527 3287 564 3328 ac
594 3264 633 3328 de
663 3263 717 3326 illa
745 3263 886 3348 quidem,
914 3267 942 3330 si
966 3278 1048 3330 esset
1073 3267 1247 3345 devastata,
1274 3268 1370 3353 longo
1398 3269 1566 3333 interiecto
1590 3280 1747 3356 ternpore,
1775 3297 1845 3341 non

260 3378 363 3440 minus
388 3372 473 3459 apud
496 3383 644 3457 posteros
669 3368 806 3432 dubitari
829 3391 926 3454 posse
949 3372 1121 3449 contendit,
1146 3396 1219 3435 num
1244 3395 1355 3436 revera
1378 3385 1463 3438 tauta
1489 3379 1556 3439 eius
1580 3377 1674 3441 luerit
1697 3354 1845 3465 potentia

261 3504 297 3545 ac
325 3481 434 3566 gloria.
485 3481 565 3541 Tum
593 3478 637 3540 ita
666 3479 782 3562 pergit:
813 3479 921 3545 καίτοι
952 3472 1217 3572 Πελοποννήσου
1244 3477 1321 3546 τῶν
1350 3482 1465 3548 πέντε
1491 3476 1562 3557 τοὶς
1591 3478 1659 3551 dv'o
1689 3490 1846 3578 μοίρας

261 3589 438 3673 νέμονται,
466 3584 525 3678 τῆς
552 3610 587 3651 τε
614 3578 785 3671 ξυμπάσης
811 3581 976 3671 ἡγοῦνται
1002 3586 1060 3652 καὶ
1087 3585 1156 3653 τῶν
1178 3588 1242 3668 ἔξω
1271 3582 1464 3673 ξυμμάχων
1486 3591 1631 3657 πολλῶν.
1679 3591 1740 3656 Cui
1763 3593 1845 3659 haec

262 3693 357 3759 verba
380 3691 497 3777 legenti
520 3712 585 3753 non
608 3694 710 3775 primo
735 3711 823 3774 quasi
847 3690 999 3779 adspectu
1023 3692 1191 3780 probabile
1214 3696 1262 3770 sit,
1283 3688 1347 3769 wie
1365 3689 1425 3759 δύο
1440 3698 1567 3786 μοίρας
1587 3719 1656 3758 cum
1673 3698 1844 3764 scholiasta

260 3795 323 3895 τήν
348 3791 554 3889 Λακωνικήν
581 3797 640 3864 καὶ
668 3792 910 3890 Μεσσηνιακήν
939 3820 1008 3862 esse
1038 3799 1256 3884 explicandas?
1303 3804 1407 3885 Atque
1435 3801 1514 3863 haec
1543 3800 1669 3885 quidem
1701 3808 1842 3872 onmium

263 3906 338 3970 olim
361 3904 486 3967 videtur
508 3903 605 3965 luisse
628 3905 834 3987 interpretum
859 3906 1013 3966 sententia
1037 3907 1091 3983 (cl.
1115 3902 1275 3970 Valcken.
1300 3907 1340 3971 ad
1365 3905 1487 3971 Herod.
1513 3908 1589 3985 Vll,
1614 3930 1640 3974 c.
1660 3914 1727 3986 73).
1775 3914 1841 3980 Sed

263 4010 450 4077 difficillima
481 4010 585 4071 statim
618 4011 720 4071 oritur
752 4012 910 4101 quaestio,
941 4032 1093 4094 quaenam
1124 4010 1195 4075 illae
1227 4016 1288 4075 sint
1320 4016 1461 4098 quinque
1485 4012 1700 4097 Peloponnesi
1724 4031 1841 4103 partes.

261 4120 343 4184 Nam
367 4118 485 4180 etiarnsi
509 4113 646 4200 singulas
671 4137 751 4199 quae
775 4115 836 4178 illis
861 4129 947 4180 certe
971 4116 1169 4202 temporibus
1187 4121 1218 4181 in
1236 4119 1464 4205 Peloponneso
1481 4121 1529 4182 sui
1545 4123 1621 4183 iuris
1639 4136 1729 4186 eraut
1745 4125 1843 4190 urbes

262 4228 454 4300 omittamus,
482 4232 517 4284 ut
540 4221 744 4300 Corinthum,
775 4222 961 4307 Sicyonem,
991 4223 1168 4286 Phliuntem
1193 4224 1334 4310 aliasque
1356 4225 1389 4287 in
1414 4223 1564 4310 Argolide
1588 4229 1678 4309 sitas,
1707 4240 1739 4292 ut
1763 4232 1842 4316 Epi-

264 4331 395 4397 daurum
424 4339 455 4394 et
477 4330 690 4405 Troezenem,
721 4339 841 4393 restant
867 4339 968 4393 tamen
993 4350 1047 4392 sex
1070 4341 1188 4415 partes,
1219 4353 1296 4416 quas
1320 4332 1411 4394 etiam
1435 4333 1548 4416 Pomp.
1575 4333 1660 4397 lllela
1685 4333 1724 4396 de
1748 4337 1780 4401 S.
1797 4339 1840 4406 Ο.

291 4567 316 4631 ¹)
336 4557 418 4616 Thus.
438 4558 458 4626 Ι,
477 4579 498 4616 c.
513 4559 572 4623 118,
591 4560 621 4610 2:
643 4556 725 4611 ταῦτα
745 4558 773 4612 δὲ
792 4558 943 4629 ξύμπαντα,
963 4554 1012 4614 ὅσα
1032 4559 1152 4630 ἔπραξαν
1170 4558 1199 4616 οἰ
1213 4555 1343 4630 Ἕλληνες
1360 4565 1429 4631 πρός
1445 4582 1475 4614 ce
1495 4559 1622 4630 ἀλλήλους
1643 4569 1687 4616 καὶ
1705 4562 1756 4620 ede
1773 4566 1841 4639 βάρ-

333 4656 432 4720 βαρον,
457 4649 559 4720 ἐγένετο
584 4644 614 4699 ἐν
637 4647 726 4700 ἔτεσι
748 4653 956 4718 πεντήκοντα
977 4644 1095 4719 μάλιστα
1118 4647 1221 4720 pinufii
1240 4650 1289 4718 τῆς
1305 4649 1406 4718 Ξέρξου
1426 4646 1615 4719 οἷναχυρὴοευνς
1632 4659 1677 4706 καὶ
1695 4651 1741 4722 τῆς
1758 4654 1843 4725 α’ρχῆς

333 4735 410 4792 roi-de
429 4734 476 4791 τοῦ
492 4738 616 4807 πολέμου.

289 4831 314 4896 ²)
334 4823 421 4880 Schol.
441 4822 475 4878 ad
492 4821 574 4881 Thuc.
591 4823 612 4891 l,
631 4843 652 4882 c.
665 4826 700 4881 89
717 4832 744 4879 et
763 4826 806 4880 97.
