3952 5648
925 271 1081 404 go-

219 503 369 568 momenti
381 497 513 577 videtur,
531 499 617 583 quod
631 500 789 565 Hellanici
801 497 907 562 Lesbii
920 498 1049 562 historia
1061 498 1165 562 Attica
1178 493 1212 590 (ἦ
1223 489 1361 591 'Arcturi
1373 492 1559 591 ξυγγραφῆ)
1573 496 1612 561 ab
1624 499 1697 583 ipso
1709 497 1801 563 Thu-

221 607 339 694 cydide
355 617 615 673 commemoratur
630 607 697 686 (lib.
710 607 733 684 1,
750 628 774 670 c.
789 610 855 687 97).
881 603 962 669 Cum
979 606 1060 668 enim
1078 615 1179 669 aetate
1196 602 1303 688 paullo
1319 608 1465 668 maiorem
1484 605 1580 668 luisse
1596 605 1802 670 Hellanicum

221 734 312 799 quam
329 713 528 778 Herodotum
545 723 669 777 constet
693 715 848 798 (quamvis
865 732 929 795 quo
946 711 999 774 ille
1014 732 1098 775 anno
1115 721 1206 773 natus
1223 713 1262 772 sit
1279 710 1505 796 ambigatur)¹),
1529 713 1563 776 in
1587 713 1667 775 hanc
1690 723 1799 777 tamen

219 820 497 905 reprehensionem
522 819 590 883 eius
607 841 704 905 opera
719 822 930 894 incurrerunt,
954 816 1041 901 quod
1058 826 1186 902 practer
1201 811 1323 879 ceteros
1340 816 1507 884 historicos
1531 822 1621 882 etiam
1638 816 1678 881 de
1694 819 1799 884 Hero·

219 923 288 991 doti
310 925 400 990 libris
423 925 577 1011 quaedam
601 928 756 1010 exscripta
780 925 933 1007 essent¹).
980 923 1108 1008 Quodsi
1135 920 1217 986 idem
1248 930 1295 984 est
1319 921 1503 988 Hellanicus
1526 923 1676 1003 Lesbius,
1706 927 1797 989 cuius

218 1031 340 1097 mentio
362 1031 399 1095 fit
422 1032 507 1116 apud
531 1032 719 1096 scholiasten
736 1031 775 1094 ad
793 1031 952 1117 Aristoph.
969 1052 1062 1094 ranas
1077 1053 1106 1092 v.
1125 1033 1188 1098 706
1212 1033 1250 1110 (s.
1267 1033 1357 1108 694),
1382 1051 1462 1113 quae
1479 1042 1525 1094 est
1542 1032 1698 1116 Kruegeri
1715 1031 1750 1113 (l.
1769 1053 1796 1095 c.

219 1160 251 1224 p.
267 1142 324 1219 29)
345 1147 376 1201 et
391 1137 581 1202 Dahlmanni
596 1137 632 1219 (l.
649 1161 675 1205 c.
692 1161 725 1222 p.
744 1143 806 1207 124
822 1143 886 1221 sq.)
907 1139 1071 1213 sententia,
1092 1146 1289 1221 repugnante
1306 1135 1432 1199 Sturzio
1450 1142 1493 1221 (p.
1511 1143 1574 1206 125
1590 1144 1660 1222 sq.),
1683 1135 1737 1221 qni
1754 1134 1797 1201 de

156 1250 158 1255 '
220 1243 282 1308 alio
300 1242 437 1328 quodam
453 1244 621 1308 Hellanico
636 1244 762 1309 llllilesio
779 1243 982 1329 cogitandum
998 1241 1161 1325 censuit³),
1185 1265 1254 1305 cum
1271 1251 1378 1326 aperte
1394 1239 1553 1326 depugna
1569 1242 1608 1305 ad
1627 1245 1798 1327 hrginusas

218 1349 338 1414 insulas
353 1350 434 1413 facta
449 1348 493 1413 ihi
508 1361 623 1435 agatur,
645 1370 746 1434 eaque
761 1347 794 1414 in
810 1371 924 1414 annum
941 1351 1063 1412 tertium
1081 1348 1213 1433 Olymp.
1229 1353 1272 1418 93
1287 1374 1333 1409 =
1346 1352 1412 1417 406
1435 1370 1461 1412 a.
1479 1347 1554 1413 Chr.
1578 1347 1703 1424 incidat,
1724 1366 1798 1412 non

218 1453 299 1519 illud
316 1454 417 1518 solum
433 1455 507 1520 inde
524 1456 670 1536 elficitur,
686 1455 884 1520 Hellanicum
900 1454 940 1519 ad
956 1455 1044 1518 illurn
1061 1477 1161 1539 usque
1177 1477 1292 1519 anniam
1309 1457 1402 1518 vitam
1418 1476 1504 1517 suam
1521 1453 1712 1539 perduxisse,
1736 1450 1798 1516 sed

219 1562 246 1624 si
263 1560 339 1650 quid
355 1564 535 1626 coniectura
552 1564 676 1647 assequi
691 1548 857 1647 possimne,
880 1565 912 1626 iu
937 1562 1073 1626 eundem
1090 1559 1249 1624 Hellanici
1272 1561 1384 1625 librum
1403 1560 1593 1625 scholiastes
1610 1559 1799 1643 Aristopha-

218 1686 298 1731 neus
320 1689 357 1730 ac
379 1665 586 1754 Thucydides
608 1669 784 1754 respexisse
807 1667 960 1732 videatur.
1006 1669 1087 1731 Nam
1110 1689 1192 1751 quae
1215 1665 1439 1751 aThucydide
1453 1658 1591 1758 Ἀττική
1613 1657 1794 1758 ξυγγραφή

217 1775 405 1851 nominatur,
428 1773 538 1837 cadem
561 1772 688 1837 videtur
709 1774 815 1851 luisse,
840 1796 920 1858 quae
942 1772 983 1836 ah
1006 1772 1074 1837 aliis
1088 1767 1211 1849 Ἀτθίς
1226 1773 1397 1855 vocatur⁴),
1421 1771 1596 1857 eodemque
1611 1771 1694 1834 libro
1710 1767 1797 1833 haud

218 1876 316 1944 dubie
338 1878 379 1943 de
402 1879 470 1959 illa,
494 1901 575 1964 quae
598 1878 695 1943 modo
720 1877 802 1943 dicta
826 1890 886 1958 est,
909 1901 1012 1964 pugna
1037 1883 1182 1943 tractavit
1204 1878 1395 1958 Hellanicus,
1419 1877 1578 1969 siquidem
1600 1861 1730 1961 usquam
1754 1875 1798 1940 de

218 2006 255 2050 ea
270 1989 421 2050 tractavit.
461 1984 525 2051 Sed
542 1983 696 2076 quicquid
714 1976 829 2048 dehac
849 1990 1032 2050 coniectura
1054 1983 1251 2063 indicaveris,
1273 1986 1307 2049 id
1330 1997 1417 2050 certe
1441 1983 1633 2048 concedatur
1656 1990 1797 2069 oportet,

219 2112 290 2155 cum
313 2092 495 2155 Hellanicus
525 2113 561 2155 ex
584 2089 742 2155 Herodoti
769 2113 866 2176 opere
894 2090 1047 2176 quaedam
1076 2092 1219 2155 hausisse
1247 2101 1405 2176 arguatur,
1434 2091 1526 2175 isque
1555 2100 1608 2153 aut
1634 2086 1795 2174 Pamphila

218 2206 299 2261 teste
320 2201 380 2262 iam
397 2199 529 2283 Olymp.
545 2202 617 2274 921
633 2224 679 2259 =
691 2203 755 2266 411
774 2219 799 2260 a.
818 2196 904 2274 Chr,
927 2207 980 2260 aut
1004 2208 1077 2262 ante
1092 2199 1216 2262 finitum
1232 2197 1340 2260 saltem
1355 2195 1473 2260 bellum
1480 2196 1797 2281 Peloponnesiacum

219 2322 238 2365 e
252 2305 315 2365 vita
331 2302 512 2368 discesserit
522 2304 557 2386 Β),
580 2301 810 2389 Thucydidem,
833 2324 898 2388 quo
915 2313 1059 2389 tempore
1074 2303 1125 2369 illa
1142 2302 1183 2368 de
1198 2302 1367 2368 Hellanico
1384 2305 1422 2384 tl,
1437 2308 1494 2386 97)
1511 2305 1681 2389 scripserit,
1703 2304 1798 2367 etiam

288 2589 374 2653 nium,
399 2605 452 2663 quo
471 2582 638 2660 Thucydides
661 2586 824 2650 „Pamin
850 2595 980 2641 aetate
1000 2588 1223 2659 perierim
1246 2591 1340 2661 (quam
1358 2583 1561 2656 Themistocles)
1586 2584 1680 2641 dicitur
1702 2583 1800 2653 (Brut.

289 2695 312 2733 c.
327 2678 368 2732 ll.
385 2679 460 2744 §l3)
480 2678 506 2729 in
525 2684 597 2729 tanto
616 2662 774 2750 scriplorum
792 2692 921 2728 consensu
939 2673 1007 2731 haud
1027 2678 1099 2751 pami
1113 2673 1257 2729 laciendum
1271 2675 1382 2730 videtur.
1412 2674 1466 2730 Sed
1479 2676 1531 2729 nisi
1544 2694 1585 2729 me
1598 2678 1682 2730 omnia
1695 2670 1801 2741 fallunt,

289 2758 443 2834 Thucydide
465 2765 525 2834 ipso
544 2761 660 2813 adhunc
680 2762 835 2812 senteutiam
854 2761 1056 2816 confirmandam
1074 2764 1112 2817 uti
1130 2770 1235 2816 auctore
1253 2780 1403 2836 possumus.
1440 2764 1541 2819 Octavo
1561 2766 1629 2818 enim
1650 2761 1710 2816 belli
1730 2782 1801 2818 anno

288 2847 409 2924 (Olymp.
422 2850 463 2932 89,
480 2852 492 2903 1
508 2872 541 2897 =
554 2850 606 2903 494
618 2868 640 2900 a.
654 2845 728 2913 Chr.)
749 2865 807 2899 cum
820 2845 1018 2901 Atheniensium
1031 2846 1084 2902 dux
1098 2847 1270 2918 (στρατηγόν)
1284 2858 1356 2902 esset
1369 2857 1395 2901 et
1407 2849 1483 2904 classi
1496 2861 1631 2925 praeesset
1644 2849 1740 2918 (t'huc.
1750 2848 1801 2909 lV.

288 2959 309 2994 c.
323 2942 374 2993 104
392 2945 418 2991 et
436 2940 512 3004 106),
534 2934 603 2990 haud
621 2936 713 2989 iniuria
732 2933 862 3000 coniicias,
881 2936 1032 3011 priusquam
1051 2933 1082 2990 ad
1101 2954 1232 2989 summum
1250 2938 1415 3010 pervenisset
1433 2939 1581 3013 imperinm,
1599 2937 1683 3002 illum,
1703 2949 1802 3016 utpote

287 3025 321 3081 de
338 3024 470 3102 republica
489 3026 539 3079 iam
558 3023 643 3100 aliqua
660 3025 759 3078 ratione
775 3023 844 3078 bene
863 3026 992 3087 meritum,
1011 3025 1081 3079 cives
1099 3043 1162 3078 suos
1180 3026 1207 3079 in
1225 3042 1255 3079 se
1273 3027 1441 3091 convertisse,
1462 3025 1573 3103 ideoque
1591 3035 1645 3082 tum
1665 3027 1801 3103 aliquanto

288 3117 413 3171 maiorem
427 3134 504 3189 quam
517 3114 619 3188 triginta
633 3114 737 3167 circiter
749 3131 875 3168 annorum
888 3111 976 3167 luisse.
995 3110 1048 3168 lam
1058 3132 1120 3168 vero
1130 3118 1155 3168 in
1166 3116 1198 3169 iis
1208 3113 1304 3181 verbis,
1317 3134 1383 3190 quae
1394 3111 1514 3170 Thac-V.
1525 3135 1545 3170 c.
1553 3118 1596 3171 26.
1608 3119 1649 3188 §5
1662 3112 1800 3188 leguntur:

290 3207 408 3277 ἐπεβίων
426 3202 454 3259 δὲ
473 3203 518 3260 διὰ
535 3203 638 3259 παντός
656 3200 745 3270 αὐτοῦ,
766 3197 1027 3272 αἰσθανόμενός
1043 3224 1072 3257 τε
1092 3204 1131 3277 τῇ
1148 3201 1283 3273 ἡλικίᾳ,
1308 3213 1353 3257 καὶ
1371 3210 1507 3274 προσέχων
1524 3205 1572 3273 τήν
1590 3204 1705 3275 γνώμην,
1722 3201 1799 3262 ὅπως

289 3293 398 3367 α’κριβέσ
419 3317 447 3349 τι
471 3298 586 3364 εἴσομαι,
610 3309 659 3367 pro
685 3310 716 3345 eo
742 3289 813 3366 quod
836 3298 940 3346 veteres
964 3288 996 3344 de
1014 3301 1113 3346 matura
1132 3291 1265 3346 hominum
1284 3301 1366 3346 aetate
1384 3300 1536 3359 senserunt,
1558 3311 1610 3347 non
1628 3292 1661 3347 de
1678 3293 1800 3363 iuvenili,

287 3382 336 3437 sed
354 3381 387 3437 de
406 3382 534 3437 constanti
553 3398 600 3435 seu
618 3378 702 3434 media
719 3388 803 3433 aetate
815 3377 987 3454 cogitandum.
1017 3379 1058 3434 De
1070 3389 1127 3434 toto
1140 3390 1226 3436 autem
1240 3378 1302 3435 belli
1315 3389 1435 3455 tempore
1454 3379 1523 3447 (διὰ
1543 3384 1647 3438 παντο
1652 3402 1665 3438 s
1683 3381 1799 3454 αὐτοῦ)

290 3490 349 3526 cum
367 3472 405 3525 ihi
427 3470 584 3536 disseratur,
608 3466 674 3523 illud
698 3467 897 3539 αἰσθανόμενος
918 3465 955 3543 τῇ
976 3467 1069 3538 ἡλικία
1093 3470 1120 3522 iu
1139 3471 1239 3544 primos
1257 3466 1351 3523 saltem
1370 3469 1426 3523 eius
1446 3467 1508 3524 belli
1526 3489 1606 3524 annos
1625 3489 1715 3546 parum
1734 3491 1799 3527 con·

288 3561 379 3619 venire
396 3560 564 3636 perspicuum
585 3565 639 3623 est,
661 3557 684 3612 si
702 3553 846 3612 hlarcellini
864 3557 991 3612 rationem
1009 3557 1139 3633 sequaris3
1165 3559 1205 3612 sin
1225 3555 1374 3633 Pamphilae
1392 3575 1423 3610 ac
1441 3554 1551 3622 Suidae,
1570 3578 1604 3613 ae
1622 3556 1721 3614 ultimis
1740 3561 1799 3635 qni·

289 3649 350 3705 dem
368 3646 485 3704 eiusdem
503 3645 567 3702 belli
585 3647 750 3722 temporibus
768 3664 925 3721 magnopere
943 3644 1111 3722 repugnabit,
1133 3649 1157 3701 si
1174 3645 1220 3701 illo
1239 3649 1318 3702 etiam
1336 3644 1454 3701 conlecto
1472 3642 1632 3721 aliquantum
1649 3649 1718 3702 vitae
1736 3667 1799 3725 spa·

289 3741 355 3795 tium
378 3757 439 3794 eum
461 3755 631 3813 permensum
655 3753 714 3789 esse
737 3737 912 3811 reputaveris,
937 3754 990 3809 qno
1014 3734 1119 3791 demum
1142 3754 1185 3791 res
1209 3735 1278 3790 hello
1303 3743 1392 3810 gestae
1415 3738 1576 3811 perscriptae
1603 3737 1663 3791 sint.
1704 3735 1799 3814 ltaque

288 3827 353 3884 nihil
371 3830 398 3883 in
415 3828 567 3883 universum
585 3823 656 3880 aliud
672 3822 714 3878 his
731 3824 820 3880 verbis
838 3823 951 3878 iudicare
969 3822 1061 3892 voluit,
1080 3827 1130 3880 uisi
1150 3836 1177 3880 et
1195 3843 1306 3900 corpore
1324 3821 1408 3878 valido
1425 3843 1454 3878 ac
1471 3823 1547 3879 firmo
1566 3833 1592 3878 et
1610 3827 1695 3880 animo
1707 3826 1739 3881 ad
1752 3848 1798 3884 res

289 3919 390 3972 intento
408 3935 438 3971 se
457 3913 546 3980 luisse,
565 3913 709 3988 eademque
727 3914 826 3968 ratione
845 3912 1008 3989 explicantur
1025 3934 1039 3968 a
1057 3912 1187 3989 Dionysio
1207 3920 1247 3990 (p.
1261 3915 1344 3981 821):
1362 3915 1410 3967 ἕνα
1427 3911 1660 3987 προχειρισάμενος
1676 3915 1798 3989 πόλεμον

290 4035 325 4059 e-
339 4005 434 4060 τοῦτσν
452 4002 614 4060 ἐσπούδασεν
632 4001 799 4075 α’ναγρσίψαι,
820 4002 1010 4075 ἐῤῥωμένσς
1027 4025 1061 4058 re
1078 4006 1116 4058 τό
1136 4005 1228 4075 σῶμα
1246 4012 1301 4057 καὶ
1320 4001 1381 4073 τήν
1398 4002 1555 4058 διάνοιαν
1573 4000 1732 4074 ὑγιαίνων
1749 4017 1797 4062 καὶ
1826 4033 1832 4042 ’

289 4099 368 4168 μέχρι
388 4092 490 4149 παντὸς
507 4088 587 4147 adsui
603 4089 712 4163 βιώσας.
748 4089 789 4146 Ex
807 4089 960 4145 scholiastae
978 4102 1064 4147 aulem
1082 4090 1115 4147 ad
1133 4089 1314 4166 Thucydidem
1331 4089 1431 4145 veihis:
1454 4089 1512 4147 dact
1529 4090 1575 4146 coti
1592 4089 1723 4163 ἀκμάζων,
1747 4091 1797 4150 deci

290 4181 323 4239 cd
341 4178 379 4252 μή
397 4187 584 4252 παρηβηκέναι
601 4181 650 4249 τήν
668 4176 779 4248 ἡλικίαν,
799 4182 1016 4250 παρακολουθῶν
1033 4182 1102 4236 ποῖοι
1119 4183 1281 4236 in'neutram
1297 4189 1399 4258 partem
1417 4180 1482 4234 certi
1500 4179 1639 4255 quicquam
1658 4200 1740 4238 eruat.

248 4295 273 4360 ¹)
292 4285 394 4345 Hellan.
412 4281 494 4342 Lesb.
512 4285 602 4360 fragm,
621 4285 708 4342 Stura.
726 4306 752 4364 p.
770 4290 787 4340 5
805 4306 865 4362 sqq.
902 4284 999 4363 Krueg,
1018 4285 1035 4342 l.
1054 4308 1075 4342 c.
1094 4308 1120 4366 p.
1138 4291 1174 4344 28
1192 4307 1233 4362 sq.

244 4395 270 4461 ²)
289 4388 376 4444 Stura.
393 4383 409 4441 l.
424 4404 446 4440 c.
465 4403 492 4458 p.
506 4386 627 4441 13-16.
662 4381 792 4440 Kreuzer:
811 4382 863 4439 Die
881 4383 1038 4440 historische
1056 4384 1144 4441 Kunst
1162 4384 1210 4440 der
1229 4384 1367 4454 Griechcn,
1384 4404 1411 4462 p.
1423 4386 1458 4442 96
1475 4395 1530 4441 not.
1543 4390 1602 4444 109.

246 4491 270 4555 δ)
287 4484 317 4541 lu
334 4485 404 4541 hunc
419 4480 583 4539 Hellanicum
601 4483 678 4538 etiam
695 4480 808 4539 Vossius
825 4485 935 4559 inquirit
952 4482 985 4539 de
1002 4482 1069 4541 Hist
1088 4483 1134 4542 Gr.
1152 4481 1197 4541 lv.
1216 4502 1238 4540 c.
1256 4487 1281 4539 h.

244 4587 271 4653 ⁴)
291 4582 376 4641 Stura.
393 4581 412 4638 l.
431 4602 453 4638 c.
471 4582 551 4659 pte.
570 4577 604 4634 X.

247 4686 275 4754 ⁶)
293 4678 361 4738 Nam
379 4699 461 4755 usque
480 4678 512 4735 ad
529 4696 625 4734 annum
643 4651 734 4735 aetatis
753 4681 940 4755 octogesimum
959 4682 1079 4756 quintum
1097 4699 1157 4736 eum
1175 4681 1330 4756 pervenisse
1351 4689 1441 4736 auctor
1459 4687 1501 4736 est
1518 4675 1657 4736 huciaunss
1679 4677 1794 4743 llscroh.

292 4790 314 4827 c.
326 4773 375 4831 tm
390 4765 552 4826 Herodotum
570 4776 666 4834 autem,
685 4770 731 4844 qni
748 4771 833 4827 minor
850 4779 913 4826 natu
928 4768 988 4838 luit,
1005 4771 1056 4827 iam
1074 4767 1152 4826 hellis
1170 4767 1282 4826 Persicis
1300 4770 1406 4834 vixisse,
1425 4771 1503 4824 etiam
1521 4767 1664 4844 Dionysius
1680 4767 1796 4828 Halicar-

290 4858 425 4916 nassensis
442 4860 582 4917 memoriae
599 4855 707 4916 tradidit
724 4866 797 4931 (περὶ
814 4858 861 4916 τοῦ
877 4865 955 4917 Osos
973 4883 1033 4930 χορ.
1051 4879 1077 4936 p.
1091 4862 1151 4927 1³9,
1168 4857 1252 4919 hed
1265 4856 1368 4936 sylus:
1391 4857 1407 4916 d
1423 4855 1448 4914 δ’
1462 4856 1688 4932 ‘Asusamus
1702 4859 1796 4930 Ἡρό-
