<?xml version="1.0" encoding="UTF-8"?>
<!DOCTYPE html PUBLIC "-//W3C//DTD XHTML 1.0 Transitional//EN"
    "http://www.w3.org/TR/xhtml1/DTD/xhtml1-transitional.dtd">
<html xmlns="http://www.w3.org/1999/xhtml" xml:lang="en" lang="en">
 <head>
  <title>
</title>
<meta http-equiv="Content-Type" content="text/html;charset=utf-8" />
  <meta name='ocr-system' content='tesseract 3.04.00' />
  <meta name='ocr-capabilities' content='ocr_page ocr_carea ocr_par ocr_line ocrx_word'/>
</head>
<body>
  <div class='ocr_page' id='page_1' title='image "./dethucydideethe00salogoog_0039.png"; bbox 0 0 3952 5648; ppageno 0'>
   <div class='ocr_carea' id='block_1_1' title="bbox 910 235 1063 366">
    <p class='ocr_par' dir='ltr' id='par_1_1' title="bbox 910 235 1063 366">
     <span class='ocr_line' id='line_1_1' title="bbox 910 235 1063 366; baseline 0 -46"><span class='ocrx_word' id='word_1_1' title='bbox 910 235 1063 366; x_wconf 51' lang='lat' dir='ltr'>je</span> 
     </span>
    </p>
   </div>
   <div class='ocr_carea' id='block_1_2' title="bbox 107 461 1797 4440">
    <p class='ocr_par' dir='ltr' id='par_1_2' title="bbox 118 461 1797 3174">
     <span class='ocr_line' id='line_1_2' title="bbox 194 461 1781 553; baseline -0.003 -19"><span class='ocrx_word' id='word_1_2' title='bbox 194 471 369 535; x_wconf 86' lang='lat' dir='ltr'>Pausaniae</span> <span class='ocrx_word' id='word_1_3' title='bbox 385 468 568 553; x_wconf 82' lang='lat' dir='ltr'>imperatori</span> <span class='ocrx_word' id='word_1_4' title='bbox 583 465 718 550; x_wconf 88' lang='lat' dir='ltr'>obsequi</span> <span class='ocrx_word' id='word_1_5' title='bbox 735 462 876 526; x_wconf 89' lang='lat' dir='ltr'>noluisse</span> <span class='ocrx_word' id='word_1_6' title='bbox 893 461 1002 538; x_wconf 80' lang='lat' dir='ltr'>fertur,</span> <span class='ocrx_word' id='word_1_7' title='bbox 1025 481 1067 524; x_wconf 92' lang='lat' dir='ltr'>ne</span> <span class='ocrx_word' id='word_1_8' title='bbox 1083 465 1276 547; x_wconf 89' lang='lat' dir='ltr'>peregrinos,</span> <span class='ocrx_word' id='word_1_9' title='bbox 1292 467 1311 529; x_wconf 88' lang='lat' dir='ltr'>i.</span> <span class='ocrx_word' id='word_1_10' title='bbox 1329 487 1354 528; x_wconf 90' lang='lat' dir='ltr'>e.</span> <span class='ocrx_word' id='word_1_11' title='bbox 1370 464 1524 530; x_wconf 87' lang='lat' dir='ltr'>barbaros</span> <span class='ocrx_word' id='word_1_12' title='bbox 1541 467 1609 529; x_wconf 89' lang='lat' dir='ltr'>sive</span> <span class='ocrx_word' id='word_1_13' title='bbox 1627 467 1739 530; x_wconf 88' lang='lat' dir='ltr'>Persas</span> <span class='ocrx_word' id='word_1_14' title='bbox 1747 467 1781 543; x_wconf 90' lang='lat'>¹),</span> 
     </span>
     <span class='ocr_line' id='line_1_3' title="bbox 195 549 1781 644; baseline -0.003 -23"><span class='ocrx_word' id='word_1_15' title='bbox 195 558 310 644; x_wconf 81' lang='lat' dir='ltr'><strong>fugisse</strong></span> <span class='ocrx_word' id='word_1_16' title='bbox 334 558 545 642; x_wconf 78' lang='lat' dir='ltr'><strong>Spartamque</strong></span> <span class='ocrx_word' id='word_1_17' title='bbox 573 577 629 618; x_wconf 89' lang='lat' dir='ltr'>sua</span> <span class='ocrx_word' id='word_1_18' title='bbox 659 562 775 638; x_wconf 90' lang='lat' dir='ltr'>sponte</span> <span class='ocrx_word' id='word_1_19' title='bbox 804 550 974 635; x_wconf 79' lang='lat' dir='ltr'>ignominia</span> <span class='ocrx_word' id='word_1_20' title='bbox 998 549 1144 614; x_wconf 86' lang='lat' dir='ltr'>affecisse</span> <span class='ocrx_word' id='word_1_21' title='bbox 1168 551 1341 628; x_wconf 84' lang='lat' dir='ltr'>videretur;</span> <span class='ocrx_word' id='word_1_22' title='bbox 1369 552 1551 638; x_wconf 86' lang='lat' dir='ltr'>ibidemque</span> <span class='ocrx_word' id='word_1_23' title='bbox 1573 554 1683 640; x_wconf 91' lang='lat' dir='ltr'>paullo</span> <span class='ocrx_word' id='word_1_24' title='bbox 1706 565 1781 638; x_wconf 90' lang='lat' dir='ltr'>post</span> 
     </span>
     <span class='ocr_line' id='line_1_4' title="bbox 195 635 1781 729; baseline 0 -19"><span class='ocrx_word' id='word_1_25' title='bbox 195 648 366 710; x_wconf 82' lang='lat' dir='ltr'>Pausanias</span> <span class='ocrx_word' id='word_1_26' title='bbox 391 656 423 710; x_wconf 89' lang='lat' dir='ltr'>et</span> <span class='ocrx_word' id='word_1_27' title='bbox 445 645 616 728; x_wconf 90' lang='lat' dir='ltr'>Euryanax</span> <span class='ocrx_word' id='word_1_28' title='bbox 639 643 806 706; x_wconf 89' lang='lat' dir='ltr'>Pitanateu</span> <span class='ocrx_word' id='word_1_29' title='bbox 829 639 994 703; x_wconf 89' lang='lat' dir='ltr'>eohortem</span> <span class='ocrx_word' id='word_1_30' title='bbox 1018 636 1123 702; x_wconf 87' lang='lat' dir='ltr'>deseri</span> <span class='ocrx_word' id='word_1_31' title='bbox 1145 635 1345 717; x_wconf 78' lang='grc' dir='ltr'><em>(αάολιαεῒν</em></span> <span class='ocrx_word' id='word_1_32' title='bbox 1367 637 1429 710; x_wconf 78' lang='lat' dir='ltr'>adr</span> <span class='ocrx_word' id='word_1_33' title='bbox 1449 638 1557 729; x_wconf 85' lang='grc' dir='ltr'><em>λάχον</em></span> <span class='ocrx_word' id='word_1_34' title='bbox 1580 640 1642 712; x_wconf 80' lang='grc' dir='ltr'>τόν</span> <span class='ocrx_word' id='word_1_35' title='bbox 1666 643 1781 711; x_wconf 88' lang='grc' dir='ltr'><em>Πιτα-</em></span> 
     </span>
     <span class='ocr_line' id='line_1_5' title="bbox 194 725 1778 828; baseline -0.003 -30"><span class='ocrx_word' id='word_1_36' title='bbox 194 731 321 828; x_wconf 69' lang='grc' dir='ltr'><em>νήτην)</em></span> <span class='ocrx_word' id='word_1_37' title='bbox 351 734 488 818; x_wconf 89' lang='lat' dir='ltr'>graviter</span> <span class='ocrx_word' id='word_1_38' title='bbox 516 731 627 795; x_wconf 93' lang='lat' dir='ltr'>tulisse</span> <span class='ocrx_word' id='word_1_39' title='bbox 655 729 815 793; x_wconf 89' lang='lat' dir='ltr'>dicuntur.</span> <span class='ocrx_word' id='word_1_40' title='bbox 862 727 900 790; x_wconf 94' lang='lat' dir='ltr'>ln</span> <span class='ocrx_word' id='word_1_41' title='bbox 930 725 990 788; x_wconf 90' lang='lat' dir='ltr'>hac</span> <span class='ocrx_word' id='word_1_42' title='bbox 1017 728 1111 811; x_wconf 88' lang='lat' dir='ltr'>igitur</span> <span class='ocrx_word' id='word_1_43' title='bbox 1140 748 1189 807; x_wconf 91' lang='lat' dir='ltr'>re,</span> <span class='ocrx_word' id='word_1_44' title='bbox 1220 750 1281 812; x_wconf 90' lang='lat' dir='ltr'>qua</span> <span class='ocrx_word' id='word_1_45' title='bbox 1306 729 1384 793; x_wconf 91' lang='lat' dir='ltr'>nihil</span> <span class='ocrx_word' id='word_1_46' title='bbox 1406 753 1466 815; x_wconf 92' lang='lat' dir='ltr'>per</span> <span class='ocrx_word' id='word_1_47' title='bbox 1489 741 1588 795; x_wconf 86' lang='lat' dir='ltr'>totam</span> <span class='ocrx_word' id='word_1_48' title='bbox 1612 731 1778 796; x_wconf 83' lang='lat' dir='ltr'>Graeciam</span> 
     </span>
     <span class='ocr_line' id='line_1_6' title="bbox 172 814 1778 906; baseline -0.002 -21"><span class='ocrx_word' id='word_1_49' title='bbox 172 829 181 847; x_wconf 78' lang='grc'>’“</span> <span class='ocrx_word' id='word_1_50' title='bbox 195 825 384 888; x_wconf 77' lang='lat' dir='ltr'>celebratius</span> <span class='ocrx_word' id='word_1_51' title='bbox 408 842 479 885; x_wconf 90' lang='lat' dir='ltr'>esse</span> <span class='ocrx_word' id='word_1_52' title='bbox 502 829 635 906; x_wconf 86' lang='lat' dir='ltr'>poterat,</span> <span class='ocrx_word' id='word_1_53' title='bbox 658 828 720 881; x_wconf 87' lang='lat' dir='ltr'>tam</span> <span class='ocrx_word' id='word_1_54' title='bbox 743 814 843 880; x_wconf 86' lang='lat' dir='ltr'>foedo</span> <span class='ocrx_word' id='word_1_55' title='bbox 867 818 968 877; x_wconf 89' lang='lat' dir='ltr'>errori</span> <span class='ocrx_word' id='word_1_56' title='bbox 992 836 1061 877; x_wconf 91' lang='lat' dir='ltr'>cum</span> <span class='ocrx_word' id='word_1_57' title='bbox 1083 814 1189 879; x_wconf 91' lang='lat' dir='ltr'>nullus</span> <span class='ocrx_word' id='word_1_58' title='bbox 1206 820 1246 880; x_wconf 88' lang='lat' dir='ltr'>sit</span> <span class='ocrx_word' id='word_1_59' title='bbox 1262 816 1348 902; x_wconf 88' lang='lat' dir='ltr'>apud</span> <span class='ocrx_word' id='word_1_60' title='bbox 1365 820 1548 884; x_wconf 87' lang='lat' dir='ltr'>historicum</span> <span class='ocrx_word' id='word_1_61' title='bbox 1564 817 1662 896; x_wconf 93' lang='lat' dir='ltr'>locus,</span> <span class='ocrx_word' id='word_1_62' title='bbox 1686 818 1778 883; x_wconf 87' lang='lat' dir='ltr'>facile</span> 
     </span>
     <span class='ocr_line' id='line_1_7' title="bbox 195 899 1778 994; baseline -0.003 -19"><span class='ocrx_word' id='word_1_63' title='bbox 195 911 348 987; x_wconf 87' lang='lat' dir='ltr'>adducor,</span> <span class='ocrx_word' id='word_1_64' title='bbox 372 921 406 974; x_wconf 89' lang='lat' dir='ltr'>ut</span> <span class='ocrx_word' id='word_1_65' title='bbox 422 907 644 994; x_wconf 82' lang='lat' dir='ltr'>Thucydidem</span> <span class='ocrx_word' id='word_1_66' title='bbox 665 907 716 970; x_wconf 89' lang='lat' dir='ltr'>hic</span> <span class='ocrx_word' id='word_1_67' title='bbox 739 925 870 990; x_wconf 89' lang='lat' dir='ltr'>quoque</span> <span class='ocrx_word' id='word_1_68' title='bbox 893 899 1002 986; x_wconf 91' lang='lat' dir='ltr'>paullo</span> <span class='ocrx_word' id='word_1_69' title='bbox 1026 900 1173 967; x_wconf 90' lang='lat' dir='ltr'>subtilius</span> <span class='ocrx_word' id='word_1_70' title='bbox 1197 904 1387 991; x_wconf 88' lang='lat' dir='ltr'>disputasse,</span> <span class='ocrx_word' id='word_1_71' title='bbox 1411 929 1472 970; x_wconf 89' lang='lat' dir='ltr'>nec</span> <span class='ocrx_word' id='word_1_72' title='bbox 1494 918 1556 972; x_wconf 87' lang='lat' dir='ltr'>tam</span> <span class='ocrx_word' id='word_1_73' title='bbox 1580 907 1621 972; x_wconf 90' lang='lat' dir='ltr'>de</span> <span class='ocrx_word' id='word_1_74' title='bbox 1644 911 1778 993; x_wconf 90' lang='lat' dir='ltr'>reipsa,</span> 
     </span>
     <span class='ocr_line' id='line_1_8' title="bbox 195 989 1776 1085; baseline -0.003 -23"><span class='ocrx_word' id='word_1_75' title='bbox 195 1023 288 1085; x_wconf 88' lang='lat' dir='ltr'>quam</span> <span class='ocrx_word' id='word_1_76' title='bbox 313 999 353 1062; x_wconf 92' lang='lat' dir='ltr'>de</span> <span class='ocrx_word' id='word_1_77' title='bbox 377 1007 526 1062; x_wconf 89' lang='lat' dir='ltr'>accurato</span> <span class='ocrx_word' id='word_1_78' title='bbox 549 1017 585 1063; x_wconf 90' lang='lat' dir='ltr'>ac</span> <span class='ocrx_word' id='word_1_79' title='bbox 600 996 734 1080; x_wconf 89' lang='lat' dir='ltr'>proprio</span> <span class='ocrx_word' id='word_1_80' title='bbox 752 996 916 1077; x_wconf 89' lang='lat' dir='ltr'>copiarum</span> <span class='ocrx_word' id='word_1_81' title='bbox 931 989 1054 1054; x_wconf 91' lang='lat' dir='ltr'>illarum</span> <span class='ocrx_word' id='word_1_82' title='bbox 1070 995 1198 1055; x_wconf 89' lang='lat' dir='ltr'>nomine</span> <span class='ocrx_word' id='word_1_83' title='bbox 1214 993 1254 1056; x_wconf 91' lang='lat' dir='ltr'>ab</span> <span class='ocrx_word' id='word_1_84' title='bbox 1271 993 1442 1059; x_wconf 83' lang='lat' dir='ltr'>Herodoto</span> <span class='ocrx_word' id='word_1_85' title='bbox 1460 994 1628 1061; x_wconf 81' lang='lat' dir='ltr'>dissentire</span> <span class='ocrx_word' id='word_1_86' title='bbox 1644 995 1776 1059; x_wconf 91' lang='lat' dir='ltr'>credam.</span> 
     </span>
     <span class='ocr_line' id='line_1_9' title="bbox 196 1079 1782 1194; baseline -0.002 -42"><span class='ocrx_word' id='word_1_87' title='bbox 196 1090 312 1173; x_wconf 88' lang='lat' dir='ltr'>Neque</span> <span class='ocrx_word' id='word_1_88' title='bbox 335 1098 439 1151; x_wconf 87' lang='lat' dir='ltr'>tamen</span> <span class='ocrx_word' id='word_1_89' title='bbox 463 1083 640 1158; x_wconf 86' lang='lat' dir='ltr'>audiendus</span> <span class='ocrx_word' id='word_1_90' title='bbox 665 1082 996 1166; x_wconf 84' lang='lat' dir='ltr'>Schweighaeuserus,</span> <span class='ocrx_word' id='word_1_91' title='bbox 1019 1082 1061 1142; x_wconf 89' lang='lat' dir='ltr'>ita</span> <span class='ocrx_word' id='word_1_92' title='bbox 1085 1079 1125 1142; x_wconf 90' lang='lat' dir='ltr'>ad</span> <span class='ocrx_word' id='word_1_93' title='bbox 1143 1080 1342 1146; x_wconf 90' lang='lat' dir='ltr'>Herodotum</span> <span class='ocrx_word' id='word_1_94' title='bbox 1367 1081 1539 1147; x_wconf 88' lang='lat' dir='ltr'>disserens:</span> <span class='ocrx_word' id='word_1_95' title='bbox 1561 1087 1666 1162; x_wconf 88' lang='lat' dir='ltr'>‚,Iam‚</span> <span class='ocrx_word' id='word_1_96' title='bbox 1689 1081 1782 1194; x_wconf 75' lang='lat' dir='ltr'>qaod</span> 
     </span>
     <span class='ocr_line' id='line_1_10' title="bbox 200 1166 1778 1267; baseline -0.001 -26"><span class='ocrx_word' id='word_1_97' title='bbox 200 1174 412 1267; x_wconf 74' lang='lat' dir='ltr'>Thucydides</span> <span class='ocrx_word' id='word_1_98' title='bbox 437 1171 564 1238; x_wconf 79' lang='lat' dir='ltr'>diserte</span> <span class='ocrx_word' id='word_1_99' title='bbox 587 1180 692 1260; x_wconf 78' lang='lat' dir='ltr'>negat</span> <span class='ocrx_word' id='word_1_100' title='bbox 711 1168 826 1253; x_wconf 83' lang='lat' dir='ltr'>faisse</span> <span class='ocrx_word' id='word_1_101' title='bbox 850 1189 998 1256; x_wconf 81' lang='lat' dir='ltr'>unquam</span> <span class='ocrx_word' id='word_1_102' title='bbox 1020 1166 1116 1253; x_wconf 87' lang='lat' dir='ltr'>apud</span> <span class='ocrx_word' id='word_1_103' title='bbox 1128 1166 1421 1236; x_wconf 85' lang='lat' dir='ltr'>Lacedaemonios</span> <span class='ocrx_word' id='word_1_104' title='bbox 1439 1171 1598 1240; x_wconf 85' lang='grc' dir='ltr'><em>Πιτανάτ</em></span> <span class='ocrx_word' id='word_1_105' title='bbox 1623 1178 1778 1259; x_wconf 81' lang='grc' dir='ltr'><em>νλοχον,</em></span> 
     </span>
     <span class='ocr_line' id='line_1_11' title="bbox 195 1201 1778 1351; baseline -0.004 -21"><span class='ocrx_word' id='word_1_106' title='bbox 195 1287 263 1329; x_wconf 86' lang='lat' dir='ltr'>non</span> <span class='ocrx_word' id='word_1_107' title='bbox 295 1263 452 1329; x_wconf 80' lang='grc' dir='ltr'><em>ιοιιίίαιιο</em></span> <span class='ocrx_word' id='word_1_108' title='bbox 485 1259 563 1324; x_wconf 78' lang='lat' dir='ltr'>riade</span> <span class='ocrx_word' id='word_1_109' title='bbox 592 1257 772 1348; x_wconf 80' lang='lat' dir='ltr'>eorficitur</span> <span class='ocrx_word' id='word_1_110' title='bbox 795 1277 935 1321; x_wconf 83' lang='lat' dir='ltr'>errasse</span> <span class='ocrx_word' id='word_1_111' title='bbox 962 1252 1184 1321; x_wconf 84' lang='lat' dir='ltr'>Herodotum.</span> <span class='ocrx_word' id='word_1_112' title='bbox 1238 1255 1410 1323; x_wconf 85' lang='lat' dir='ltr'>Potuerat</span> <span class='ocrx_word' id='word_1_113' title='bbox 1437 1259 1541 1324; x_wconf 89' lang='lat' dir='ltr'>etium</span> <span class='ocrx_word' id='word_1_114' title='bbox 1568 1201 1778 1351; x_wconf 77' lang='lat' dir='ltr'>Tducydides</span> 
     </span>
     <span class='ocr_line' id='line_1_12' title="bbox 195 1341 1780 1441; baseline -0.004 -23"><span class='ocrx_word' id='word_1_115' title='bbox 195 1352 414 1441; x_wconf 80' lang='lat' dir='ltr'>alr&#39;quatenas</span> <span class='ocrx_word' id='word_1_116' title='bbox 436 1349 470 1416; x_wconf 86' lang='lat' dir='ltr'>in</span> <span class='ocrx_word' id='word_1_117' title='bbox 494 1370 648 1413; x_wconf 87' lang='lat' dir='ltr'>errorem</span> <span class='ocrx_word' id='word_1_118' title='bbox 670 1344 801 1411; x_wconf 83' lang='lat' dir='ltr'>induci:</span> <span class='ocrx_word' id='word_1_119' title='bbox 821 1351 987 1426; x_wconf 84' lang='lat' dir='ltr'>potuerat</span> <span class='ocrx_word' id='word_1_120' title='bbox 1009 1341 1067 1407; x_wconf 86' lang='lat' dir='ltr'>ille</span> <span class='ocrx_word' id='word_1_121' title='bbox 1083 1365 1129 1407; x_wconf 78' lang='lat' dir='ltr'>ea</span> <span class='ocrx_word' id='word_1_122' title='bbox 1143 1342 1321 1429; x_wconf 82' lang='lat' dir='ltr'>Spartano</span> <span class='ocrx_word' id='word_1_123' title='bbox 1337 1345 1486 1434; x_wconf 83' lang='lat' dir='ltr'>quodam</span> <span class='ocrx_word' id='word_1_124' title='bbox 1501 1371 1670 1438; x_wconf 76' lang='lat' dir='ltr'>quaerere,</span> <span class='ocrx_word' id='word_1_125' title='bbox 1693 1347 1780 1413; x_wconf 81' lang='lat' dir='ltr'>sitne</span> 
     </span>
     <span class='ocr_line' id='line_1_13' title="bbox 194 1429 1778 1525; baseline -0.004 -19"><span class='ocrx_word' id='word_1_126' title='bbox 194 1441 230 1506; x_wconf 87' lang='lat' dir='ltr'>in</span> <span class='ocrx_word' id='word_1_127' title='bbox 246 1439 400 1505; x_wconf 68' lang='lat' dir='ltr'>exercita</span> <span class='ocrx_word' id='word_1_128' title='bbox 415 1433 764 1503; x_wconf 71' lang='lat' dir='ltr'>lacedaemoniorum</span> <span class='ocrx_word' id='word_1_129' title='bbox 786 1429 890 1521; x_wconf 84' lang='grc' dir='ltr'><em>λόχος</em></span> <span class='ocrx_word' id='word_1_130' title='bbox 914 1429 1045 1520; x_wconf 81' lang='lat' dir='ltr'>aliquis,</span> <span class='ocrx_word' id='word_1_131' title='bbox 1069 1430 1129 1520; x_wconf 80' lang='lat' dir='ltr'>qui</span> <span class='ocrx_word' id='word_1_132' title='bbox 1142 1429 1341 1525; x_wconf 78' lang='grc' dir='ltr'><em>ΙΙιτανάτης</em></span> <span class='ocrx_word' id='word_1_133' title='bbox 1358 1434 1504 1525; x_wconf 82' lang='lat' dir='ltr'>proprio</span> <span class='ocrx_word' id='word_1_134' title='bbox 1528 1435 1664 1501; x_wconf 75' lang='lat' dir='ltr'>nomene</span> <span class='ocrx_word' id='word_1_135' title='bbox 1687 1435 1778 1523; x_wconf 83' lang='lat' dir='ltr'>apel·</span> 
     </span>
     <span class='ocr_line' id='line_1_14' title="bbox 196 1522 1782 1612; baseline -0.004 -19"><span class='ocrx_word' id='word_1_136' title='bbox 196 1529 304 1612; x_wconf 83' lang='lat' dir='ltr'>letur3</span> <span class='ocrx_word' id='word_1_137' title='bbox 330 1527 387 1593; x_wconf 89' lang='lat' dir='ltr'>cui</span> <span class='ocrx_word' id='word_1_138' title='bbox 403 1524 616 1612; x_wconf 82' lang='lat' dir='ltr'>respondere</span> <span class='ocrx_word' id='word_1_139' title='bbox 633 1531 800 1610; x_wconf 84' lang='lat' dir='ltr'>potuerat</span> <span class='ocrx_word' id='word_1_140' title='bbox 814 1526 1022 1607; x_wconf 76' lang='lat' dir='ltr'>Spartanus,</span> <span class='ocrx_word' id='word_1_141' title='bbox 1049 1540 1111 1583; x_wconf 87' lang='lat' dir='ltr'>nec</span> <span class='ocrx_word' id='word_1_142' title='bbox 1126 1543 1193 1584; x_wconf 85' lang='lat' dir='ltr'>sua</span> <span class='ocrx_word' id='word_1_143' title='bbox 1209 1530 1325 1586; x_wconf 85' lang='lat' dir='ltr'>aetate</span> <span class='ocrx_word' id='word_1_144' title='bbox 1341 1545 1416 1587; x_wconf 86' lang='lat' dir='ltr'>esse</span> <span class='ocrx_word' id='word_1_145' title='bbox 1432 1522 1547 1604; x_wconf 89' lang='lat' dir='ltr'>talem,</span> <span class='ocrx_word' id='word_1_146' title='bbox 1572 1547 1642 1602; x_wconf 89' lang='lat' dir='ltr'>nec,</span> <span class='ocrx_word' id='word_1_147' title='bbox 1688 1522 1782 1589; x_wconf 87' lang='lat' dir='ltr'>uoad</span> 
     </span>
     <span class='ocr_line' id='line_1_15' title="bbox 195 1546 1779 1703; baseline -0.005 -21"><span class='ocrx_word' id='word_1_148' title='bbox 195 1616 266 1703; x_wconf 85' lang='lat' dir='ltr'>ipsi</span> <span class='ocrx_word' id='word_1_149' title='bbox 285 1623 506 1702; x_wconf 85' lang='lat' dir='ltr'>compertam,</span> <span class='ocrx_word' id='word_1_150' title='bbox 532 1634 680 1701; x_wconf 81' lang='lat' dir='ltr'>unquam</span> <span class='ocrx_word' id='word_1_151' title='bbox 691 1607 823 1698; x_wconf 83' lang='lat' dir='ltr'>sitisse.</span> <span class='ocrx_word' id='word_1_152' title='bbox 870 1605 977 1694; x_wconf 83' lang='lat' dir='ltr'>Quod</span> <span class='ocrx_word' id='word_1_153' title='bbox 996 1605 1128 1695; x_wconf 79' lang='lat' dir='ltr'>quidem</span> <span class='ocrx_word' id='word_1_154' title='bbox 1150 1629 1218 1673; x_wconf 88' lang='lat' dir='ltr'>nan</span> <span class='ocrx_word' id='word_1_155' title='bbox 1240 1609 1380 1691; x_wconf 71' lang='lat' dir='ltr'>evincit,</span> <span class='ocrx_word' id='word_1_156' title='bbox 1391 1608 1533 1700; x_wconf 86' lang='lat' dir='ltr'>salsam</span> <span class='ocrx_word' id='word_1_157' title='bbox 1552 1546 1779 1691; x_wconf 63' lang='lat' dir='ltr'>Herodotum,</span> 
     </span>
     <span class='ocr_line' id='line_1_16' title="bbox 195 1693 1765 1798; baseline -0.004 -28"><span class='ocrx_word' id='word_1_158' title='bbox 195 1728 270 1770; x_wconf 87' lang='lat' dir='ltr'>cum</span> <span class='ocrx_word' id='word_1_159' title='bbox 291 1703 461 1770; x_wconf 80' lang='lat' dir='ltr'>scriberet</span> <span class='ocrx_word' id='word_1_160' title='bbox 482 1697 789 1786; x_wconf 82' lang='lat' dir='ltr'>Amompltaretum</span> <span class='ocrx_word' id='word_1_161' title='bbox 813 1696 989 1761; x_wconf 87' lang='lat' dir='ltr'>ductorem</span> <span class='ocrx_word' id='word_1_162' title='bbox 1003 1693 1122 1782; x_wconf 83' lang='lat' dir='ltr'>faisse</span> <span class='ocrx_word' id='word_1_163' title='bbox 1144 1695 1313 1798; x_wconf 62' lang='grc' dir='ltr'><em>ιιιοαιρυίί</em></span> <span class='ocrx_word' id='word_1_164' title='bbox 1323 1697 1588 1777; x_wconf 87' lang='lat' dir='ltr'>Pitanatarum,·</span> <span class='ocrx_word' id='word_1_165' title='bbox 1634 1699 1705 1766; x_wconf 88' lang='lat' dir='ltr'>aod</span> <span class='ocrx_word' id='word_1_166' title='bbox 1723 1698 1765 1764; x_wconf 85' lang='lat' dir='ltr'>ill</span> 
     </span>
     <span class='ocr_line' id='line_1_17' title="bbox 193 1722 1783 1876; baseline -0.004 -18"><span class='ocrx_word' id='word_1_167' title='bbox 193 1792 264 1859; x_wconf 77' lang='lat' dir='ltr'>sice</span> <span class='ocrx_word' id='word_1_168' title='bbox 287 1815 306 1858; x_wconf 89' lang='lat' dir='ltr'>e</span> <span class='ocrx_word' id='word_1_169' title='bbox 330 1791 526 1858; x_wconf 87' lang='lat' dir='ltr'>litterarum</span> <span class='ocrx_word' id='word_1_170' title='bbox 552 1796 767 1854; x_wconf 87' lang='lat' dir='ltr'>monumento</span> <span class='ocrx_word' id='word_1_171' title='bbox 790 1782 953 1876; x_wconf 78' lang='lat' dir='ltr'>quodam,</span> <span class='ocrx_word' id='word_1_172' title='bbox 981 1782 1051 1848; x_wconf 78' lang='lat' dir='ltr'>sice</span> <span class='ocrx_word' id='word_1_173' title='bbox 1074 1805 1120 1847; x_wconf 77' lang='lat' dir='ltr'>ea</span> <span class='ocrx_word' id='word_1_174' title='bbox 1142 1781 1313 1849; x_wconf 79' lang='lat' dir='ltr'>domenum</span> <span class='ocrx_word' id='word_1_175' title='bbox 1336 1785 1426 1852; x_wconf 85' lang='lat' dir='ltr'>illias</span> <span class='ocrx_word' id='word_1_176' title='bbox 1452 1788 1577 1854; x_wconf 87' lang='lat' dir='ltr'>aetatis</span> <span class='ocrx_word' id='word_1_177' title='bbox 1596 1722 1665 1872; x_wconf 63' lang='lat' dir='ltr'>side</span> <span class='ocrx_word' id='word_1_178' title='bbox 1686 1786 1783 1852; x_wconf 82' lang='lat' dir='ltr'>haud</span> 
     </span>
     <span class='ocr_line' id='line_1_18' title="bbox 192 1871 1779 1970; baseline -0.004 -23"><span class='ocrx_word' id='word_1_179' title='bbox 192 1880 404 1970; x_wconf 79' lang='lat' dir='ltr'>indignorum</span> <span class='ocrx_word' id='word_1_180' title='bbox 432 1876 625 1944; x_wconf 84' lang='lat' dir='ltr'>testimonio</span> <span class='ocrx_word' id='word_1_181' title='bbox 651 1883 822 1961; x_wconf 85' lang='lat' dir='ltr'>potuerat</span> <span class='ocrx_word' id='word_1_182' title='bbox 847 1871 1034 1958; x_wconf 64' lang='lat' dir='ltr'>acceperef‘</span> <span class='ocrx_word' id='word_1_183' title='bbox 1079 1874 1148 1935; x_wconf 91' lang='lat' dir='ltr'>Hac</span> <span class='ocrx_word' id='word_1_184' title='bbox 1177 1893 1252 1937; x_wconf 87' lang='lat' dir='ltr'>sene</span> <span class='ocrx_word' id='word_1_185' title='bbox 1279 1878 1401 1940; x_wconf 90' lang='lat' dir='ltr'>ratione</span> <span class='ocrx_word' id='word_1_186' title='bbox 1425 1877 1626 1942; x_wconf 85' lang='lat' dir='ltr'>Herodotum</span> <span class='ocrx_word' id='word_1_187' title='bbox 1651 1875 1779 1962; x_wconf 89' lang='lat' dir='ltr'>quidem</span> 
     </span>
     <span class='ocr_line' id='line_1_19' title="bbox 195 1962 1778 2051; baseline -0.011 -17"><span class='ocrx_word' id='word_1_188' title='bbox 195 1971 409 2044; x_wconf 81' lang='lat' dir='ltr'>excusaveris3</span> <span class='ocrx_word' id='word_1_189' title='bbox 433 1965 655 2051; x_wconf 86' lang='lat' dir='ltr'>Thucydidem</span> <span class='ocrx_word' id='word_1_190' title='bbox 679 1964 952 2028; x_wconf 89' lang='lat' dir='ltr'>vehementissime</span> <span class='ocrx_word' id='word_1_191' title='bbox 974 1962 1177 2025; x_wconf 89' lang='lat' dir='ltr'>incusaveris.</span> <span class='ocrx_word' id='word_1_192' title='bbox 1223 1963 1265 2025; x_wconf 88' lang='lat' dir='ltr'>At</span> <span class='ocrx_word' id='word_1_193' title='bbox 1289 1963 1359 2047; x_wconf 90' lang='lat' dir='ltr'>quis</span> <span class='ocrx_word' id='word_1_194' title='bbox 1382 1975 1437 2042; x_wconf 87' lang='lat' dir='ltr'>est,</span> <span class='ocrx_word' id='word_1_195' title='bbox 1461 1968 1516 2050; x_wconf 88' lang='lat' dir='ltr'>qui</span> <span class='ocrx_word' id='word_1_196' title='bbox 1537 1966 1636 2031; x_wconf 83' lang='lat' dir='ltr'>ullum</span> <span class='ocrx_word' id='word_1_197' title='bbox 1651 1967 1778 2030; x_wconf 75' lang='lat' dir='ltr'>histori.</span> 
     </span>
     <span class='ocr_line' id='line_1_20' title="bbox 197 2048 1777 2140; baseline -0.003 -20"><span class='ocrx_word' id='word_1_198' title='bbox 197 2080 283 2136; x_wconf 90' lang='lat' dir='ltr'>cum,</span> <span class='ocrx_word' id='word_1_199' title='bbox 314 2057 381 2121; x_wconf 91' lang='lat' dir='ltr'>fide</span> <span class='ocrx_word' id='word_1_200' title='bbox 411 2055 516 2139; x_wconf 89' lang='lat' dir='ltr'>aliqua</span> <span class='ocrx_word' id='word_1_201' title='bbox 547 2054 674 2140; x_wconf 91' lang='lat' dir='ltr'>dignum</span> <span class='ocrx_word' id='word_1_202' title='bbox 705 2073 765 2116; x_wconf 89' lang='lat' dir='ltr'>nec</span> <span class='ocrx_word' id='word_1_203' title='bbox 796 2050 892 2136; x_wconf 88' lang='lat' dir='ltr'>plane</span> <span class='ocrx_word' id='word_1_204' title='bbox 923 2069 1050 2126; x_wconf 85' lang='lat' dir='ltr'>vanum,</span> <span class='ocrx_word' id='word_1_205' title='bbox 1083 2052 1174 2113; x_wconf 88' lang='lat' dir='ltr'>etiam</span> <span class='ocrx_word' id='word_1_206' title='bbox 1206 2048 1261 2113; x_wconf 94' lang='lat' dir='ltr'>ubi</span> <span class='ocrx_word' id='word_1_207' title='bbox 1284 2055 1417 2117; x_wconf 91' lang='lat' dir='ltr'>aliorum</span> <span class='ocrx_word' id='word_1_208' title='bbox 1440 2055 1600 2119; x_wconf 91' lang='lat' dir='ltr'>bominum</span> <span class='ocrx_word' id='word_1_209' title='bbox 1624 2055 1777 2119; x_wconf 88' lang='lat' dir='ltr'>incuriam</span> 
     </span>
     <span class='ocr_line' id='line_1_21' title="bbox 118 2137 1778 2230; baseline -0.002 -22"><span class='ocrx_word' id='word_1_210' title='bbox 118 2139 123 2157; x_wconf 87' lang='lat'><em>&#39;</em></span> <span class='ocrx_word' id='word_1_211' title='bbox 196 2145 419 2230; x_wconf 81' lang='lat' dir='ltr'>reprehendit,</span> <span class='ocrx_word' id='word_1_212' title='bbox 442 2147 565 2208; x_wconf 89' lang='lat' dir='ltr'>inanem</span> <span class='ocrx_word' id='word_1_213' title='bbox 589 2153 732 2206; x_wconf 90' lang='lat' dir='ltr'>secutum</span> <span class='ocrx_word' id='word_1_214' title='bbox 757 2162 826 2204; x_wconf 90' lang='lat' dir='ltr'>esse</span> <span class='ocrx_word' id='word_1_215' title='bbox 849 2148 1010 2201; x_wconf 88' lang='lat' dir='ltr'>auctorem</span> <span class='ocrx_word' id='word_1_216' title='bbox 1034 2137 1161 2201; x_wconf 82' lang='lat' dir='ltr'>credat?</span> <span class='ocrx_word' id='word_1_217' title='bbox 1190 2161 1207 2200; x_wconf 91' lang='lat' dir='ltr'>a</span> <span class='ocrx_word' id='word_1_218' title='bbox 1232 2137 1435 2225; x_wconf 83' lang='lat' dir='ltr'>Thucydidis</span> <span class='ocrx_word' id='word_1_219' title='bbox 1460 2153 1544 2208; x_wconf 90' lang='lat' dir='ltr'>certe</span> <span class='ocrx_word' id='word_1_220' title='bbox 1566 2142 1717 2228; x_wconf 89' lang='lat' dir='ltr'>gravitate</span> <span class='ocrx_word' id='word_1_221' title='bbox 1741 2164 1778 2205; x_wconf 91' lang='lat' dir='ltr'>ac</span> 
     </span>
     <span class='ocr_line' id='line_1_22' title="bbox 198 2226 1780 2319; baseline -0.003 -23"><span class='ocrx_word' id='word_1_222' title='bbox 198 2233 358 2319; x_wconf 90' lang='lat' dir='ltr'>diligentia</span> <span class='ocrx_word' id='word_1_223' title='bbox 380 2237 470 2296; x_wconf 90' lang='lat' dir='ltr'>istius</span> <span class='ocrx_word' id='word_1_224' title='bbox 493 2230 580 2297; x_wconf 88' lang='lat' dir='ltr'>modi</span> <span class='ocrx_word' id='word_1_225' title='bbox 604 2228 726 2314; x_wconf 89' lang='lat' dir='ltr'>aliquid</span> <span class='ocrx_word' id='word_1_226' title='bbox 749 2229 844 2313; x_wconf 89' lang='lat' dir='ltr'>longe</span> <span class='ocrx_word' id='word_1_227' title='bbox 867 2226 1039 2290; x_wconf 87' lang='lat' dir='ltr'>abhorrere</span> <span class='ocrx_word' id='word_1_228' title='bbox 1061 2247 1155 2289; x_wconf 90' lang='lat' dir='ltr'>nemo</span> <span class='ocrx_word' id='word_1_229' title='bbox 1180 2227 1310 2290; x_wconf 81' lang='lat' dir='ltr'>infitiari</span> <span class='ocrx_word' id='word_1_230' title='bbox 1333 2231 1456 2294; x_wconf 79' lang='lat' dir='ltr'>audeat.</span> <span class='ocrx_word' id='word_1_231' title='bbox 1481 2269 1520 2282; x_wconf 93' lang='lat'><em>-</em></span> <span class='ocrx_word' id='word_1_232' title='bbox 1545 2234 1662 2297; x_wconf 88' lang='lat' dir='ltr'>Mauso</span> <span class='ocrx_word' id='word_1_233' title='bbox 1686 2234 1780 2317; x_wconf 90' lang='lat' dir='ltr'>igitur</span> 
     </span>
     <span class='ocr_line' id='line_1_23' title="bbox 197 2315 1779 2399; baseline 0 -18"><span class='ocrx_word' id='word_1_234' title='bbox 197 2323 236 2386; x_wconf 91' lang='lat' dir='ltr'>V.</span> <span class='ocrx_word' id='word_1_235' title='bbox 254 2323 296 2386; x_wconf 91' lang='lat' dir='ltr'>D.</span> <span class='ocrx_word' id='word_1_236' title='bbox 312 2325 355 2387; x_wconf 90' lang='lat' dir='ltr'>ita</span> <span class='ocrx_word' id='word_1_237' title='bbox 371 2321 594 2385; x_wconf 88' lang='lat' dir='ltr'>dissentientes</span> <span class='ocrx_word' id='word_1_238' title='bbox 610 2322 694 2381; x_wconf 90' lang='lat' dir='ltr'>inter</span> <span class='ocrx_word' id='word_1_239' title='bbox 714 2339 748 2380; x_wconf 91' lang='lat' dir='ltr'>se</span> <span class='ocrx_word' id='word_1_240' title='bbox 763 2321 935 2399; x_wconf 90' lang='lat' dir='ltr'>scriptores</span> <span class='ocrx_word' id='word_1_241' title='bbox 950 2319 983 2376; x_wconf 90' lang='lat' dir='ltr'>in</span> <span class='ocrx_word' id='word_1_242' title='bbox 1000 2315 1204 2378; x_wconf 91' lang='lat' dir='ltr'>concordiam</span> <span class='ocrx_word' id='word_1_243' title='bbox 1222 2338 1372 2382; x_wconf 87' lang='lat' dir='ltr'>revocare</span> <span class='ocrx_word' id='word_1_244' title='bbox 1389 2318 1518 2399; x_wconf 89' lang='lat' dir='ltr'>studuit,</span> <span class='ocrx_word' id='word_1_245' title='bbox 1541 2331 1576 2384; x_wconf 90' lang='lat' dir='ltr'>ut</span> <span class='ocrx_word' id='word_1_246' title='bbox 1592 2320 1779 2384; x_wconf 90' lang='lat' dir='ltr'>Herodotus</span> 
     </span>
     <span class='ocr_line' id='line_1_24' title="bbox 194 2400 1778 2497; baseline -0.004 -23"><span class='ocrx_word' id='word_1_247' title='bbox 194 2431 260 2475; x_wconf 91' lang='lat' dir='ltr'>non</span> <span class='ocrx_word' id='word_1_248' title='bbox 292 2409 485 2497; x_wconf 81' lang='lat' dir='ltr'>singularem</span> <span class='ocrx_word' id='word_1_249' title='bbox 517 2408 658 2484; x_wconf 89' lang='lat' dir='ltr'>lochum,</span> <span class='ocrx_word' id='word_1_250' title='bbox 692 2400 899 2492; x_wconf 84' lang='grc' dir='ltr'><em>Πιτανάτην</em></span> <span class='ocrx_word' id='word_1_251' title='bbox 930 2403 1135 2488; x_wconf 85' lang='lat' dir='ltr'>appellatum,</span> <span class='ocrx_word' id='word_1_252' title='bbox 1172 2416 1330 2489; x_wconf 89' lang='lat' dir='ltr'>perpetuo</span> <span class='ocrx_word' id='word_1_253' title='bbox 1363 2407 1494 2491; x_wconf 87' lang='lat' dir='ltr'>Spartae</span> <span class='ocrx_word' id='word_1_254' title='bbox 1525 2409 1624 2473; x_wconf 90' lang='lat' dir='ltr'>fuisse</span> <span class='ocrx_word' id='word_1_255' title='bbox 1658 2408 1778 2483; x_wconf 89' lang='lat' dir='ltr'>dixerit,</span> 
     </span>
     <span class='ocr_line' id='line_1_25' title="bbox 196 2493 1779 2583; baseline -0.003 -20"><span class='ocrx_word' id='word_1_256' title='bbox 196 2498 462 2583; x_wconf 89' lang='lat' dir='ltr'>quemadmodum</span> <span class='ocrx_word' id='word_1_257' title='bbox 490 2496 589 2560; x_wconf 87' lang='lat' dir='ltr'>verba</span> <span class='ocrx_word' id='word_1_258' title='bbox 618 2498 685 2557; x_wconf 90' lang='lat' dir='ltr'>eius</span> <span class='ocrx_word' id='word_1_259' title='bbox 714 2493 754 2556; x_wconf 87' lang='lat' dir='ltr'>ab</span> <span class='ocrx_word' id='word_1_260' title='bbox 783 2495 1012 2576; x_wconf 84' lang='lat' dir='ltr'>interpretibus</span> <span class='ocrx_word' id='word_1_261' title='bbox 1042 2502 1172 2576; x_wconf 88' lang='lat' dir='ltr'>accepta</span> <span class='ocrx_word' id='word_1_262' title='bbox 1195 2505 1290 2577; x_wconf 90' lang='lat' dir='ltr'>atque</span> <span class='ocrx_word' id='word_1_263' title='bbox 1314 2496 1468 2581; x_wconf 88' lang='lat' dir='ltr'>explicata</span> <span class='ocrx_word' id='word_1_264' title='bbox 1493 2519 1562 2562; x_wconf 89' lang='lat' dir='ltr'>esse</span> <span class='ocrx_word' id='word_1_265' title='bbox 1585 2497 1779 2572; x_wconf 87' lang='lat' dir='ltr'>viderentur,</span> 
     </span>
     <span class='ocr_line' id='line_1_26' title="bbox 196 2579 1779 2668; baseline -0.001 -19"><span class='ocrx_word' id='word_1_266' title='bbox 196 2587 255 2649; x_wconf 89' lang='lat' dir='ltr'>sed</span> <span class='ocrx_word' id='word_1_267' title='bbox 278 2587 358 2648; x_wconf 90' lang='lat' dir='ltr'>illud</span> <span class='ocrx_word' id='word_1_268' title='bbox 380 2585 600 2650; x_wconf 86' lang='lat' dir='ltr'>tantummodo</span> <span class='ocrx_word' id='word_1_269' title='bbox 617 2583 766 2646; x_wconf 56' lang='lat' dir='ltr'>&gt;iudicare</span> <span class='ocrx_word' id='word_1_270' title='bbox 789 2582 934 2658; x_wconf 86' lang='lat' dir='ltr'>voluerit,</span> <span class='ocrx_word' id='word_1_271' title='bbox 956 2579 1082 2644; x_wconf 89' lang='lat' dir='ltr'>illorum</span> <span class='ocrx_word' id='word_1_272' title='bbox 1107 2585 1343 2665; x_wconf 79' lang='lat' dir='ltr'>Spartanorum,</span> <span class='ocrx_word' id='word_1_273' title='bbox 1368 2587 1423 2668; x_wconf 92' lang='lat' dir='ltr'>qui</span> <span class='ocrx_word' id='word_1_274' title='bbox 1444 2597 1554 2650; x_wconf 88' lang='lat' dir='ltr'>contra</span> <span class='ocrx_word' id='word_1_275' title='bbox 1577 2585 1779 2651; x_wconf 86' lang='lat' dir='ltr'>Mardonium</span> 
     </span>
     <span class='ocr_line' id='line_1_27' title="bbox 197 2669 1779 2756; baseline 0 -22"><span class='ocrx_word' id='word_1_276' title='bbox 197 2672 490 2756; x_wconf 83' lang='lat' dir='ltr'>proficiscerentur,</span> <span class='ocrx_word' id='word_1_277' title='bbox 512 2694 609 2734; x_wconf 90' lang='lat' dir='ltr'>uuum</span> <span class='ocrx_word' id='word_1_278' title='bbox 632 2672 760 2732; x_wconf 86' lang='lat' dir='ltr'>lechum</span> <span class='ocrx_word' id='word_1_279' title='bbox 784 2691 801 2731; x_wconf 91' lang='lat' dir='ltr'>e</span> <span class='ocrx_word' id='word_1_280' title='bbox 826 2669 903 2733; x_wconf 89' lang='lat' dir='ltr'>solis</span> <span class='ocrx_word' id='word_1_281' title='bbox 930 2671 1054 2732; x_wconf 89' lang='lat' dir='ltr'>Pitanes</span> <span class='ocrx_word' id='word_1_282' title='bbox 1076 2669 1140 2731; x_wconf 89' lang='lat' dir='ltr'>vici</span> <span class='ocrx_word' id='word_1_283' title='bbox 1162 2669 1284 2732; x_wconf 90' lang='lat' dir='ltr'>civibus</span> <span class='ocrx_word' id='word_1_284' title='bbox 1308 2676 1534 2752; x_wconf 63' lang='lat' dir='ltr'>constitisset).</span> <span class='ocrx_word' id='word_1_285' title='bbox 1579 2677 1621 2735; x_wconf 89' lang='lat' dir='ltr'>At</span> <span class='ocrx_word' id='word_1_286' title='bbox 1644 2696 1721 2736; x_wconf 89' lang='lat' dir='ltr'>vero</span> <span class='ocrx_word' id='word_1_287' title='bbox 1748 2684 1779 2735; x_wconf 90' lang='lat' dir='ltr'>et</span> 
     </span>
     <span class='ocr_line' id='line_1_28' title="bbox 200 2752 1797 2842; baseline -0.001 -19"><span class='ocrx_word' id='word_1_288' title='bbox 200 2768 311 2823; x_wconf 90' lang='lat' dir='ltr'>contra</span> <span class='ocrx_word' id='word_1_289' title='bbox 327 2759 514 2822; x_wconf 85' lang='lat' dir='ltr'>Mausonem</span> <span class='ocrx_word' id='word_1_290' title='bbox 530 2769 561 2820; x_wconf 92' lang='lat' dir='ltr'>et</span> <span class='ocrx_word' id='word_1_291' title='bbox 583 2767 693 2818; x_wconf 89' lang='lat' dir='ltr'>contra</span> <span class='ocrx_word' id='word_1_292' title='bbox 710 2755 752 2818; x_wconf 91' lang='grc' dir='ltr'>Ο.</span> <span class='ocrx_word' id='word_1_293' title='bbox 768 2754 966 2832; x_wconf 88' lang='lat' dir='ltr'>Muellerum,</span> <span class='ocrx_word' id='word_1_294' title='bbox 990 2756 1043 2842; x_wconf 91' lang='lat' dir='ltr'>qui</span> <span class='ocrx_word' id='word_1_295' title='bbox 1064 2752 1154 2818; x_wconf 89' lang='lat' dir='ltr'>brevi</span> <span class='ocrx_word' id='word_1_296' title='bbox 1175 2776 1241 2819; x_wconf 90' lang='lat' dir='ltr'>rem</span> <span class='ocrx_word' id='word_1_297' title='bbox 1264 2756 1452 2839; x_wconf 90' lang='lat' dir='ltr'>praecidens</span> <span class='ocrx_word' id='word_1_298' title='bbox 1467 2758 1691 2842; x_wconf 87' lang='lat' dir='ltr'>Thucydidem</span> <span class='ocrx_word' id='word_1_299' title='bbox 1713 2781 1797 2823; x_wconf 90' lang='lat' dir='ltr'>non-</span> 
     </span>
     <span class='ocr_line' id='line_1_29' title="bbox 198 2840 1779 2931; baseline 0.001 -23"><span class='ocrx_word' id='word_1_300' title='bbox 198 2845 331 2931; x_wconf 89' lang='lat' dir='ltr'>amplius</span> <span class='ocrx_word' id='word_1_301' title='bbox 355 2847 440 2907; x_wconf 82' lang='lat' dir='ltr'>hiano</span> <span class='ocrx_word' id='word_1_302' title='bbox 462 2844 588 2927; x_wconf 87' lang='lat' dir='ltr'>lechum</span> <span class='ocrx_word' id='word_1_303' title='bbox 612 2846 741 2905; x_wconf 89' lang='lat' dir='ltr'>novisse</span> <span class='ocrx_word' id='word_1_304' title='bbox 765 2840 845 2922; x_wconf 86' lang='lat' dir='ltr'>ait³),</span> <span class='ocrx_word' id='word_1_305' title='bbox 868 2845 939 2927; x_wconf 91' lang='lat' dir='ltr'>ipse</span> <span class='ocrx_word' id='word_1_306' title='bbox 959 2843 1054 2907; x_wconf 91' lang='lat' dir='ltr'>nobis</span> <span class='ocrx_word' id='word_1_307' title='bbox 1077 2847 1190 2906; x_wconf 89' lang='lat' dir='ltr'>iterum</span> <span class='ocrx_word' id='word_1_308' title='bbox 1213 2855 1325 2907; x_wconf 90' lang='lat' dir='ltr'>auctor</span> <span class='ocrx_word' id='word_1_309' title='bbox 1348 2843 1388 2906; x_wconf 93' lang='lat' dir='ltr'>ad</span> <span class='ocrx_word' id='word_1_310' title='bbox 1411 2855 1517 2928; x_wconf 90' lang='lat' dir='ltr'>partes</span> <span class='ocrx_word' id='word_1_311' title='bbox 1541 2846 1707 2911; x_wconf 88' lang='lat' dir='ltr'>vocandus</span> <span class='ocrx_word' id='word_1_312' title='bbox 1732 2858 1779 2912; x_wconf 89' lang='lat' dir='ltr'>est</span> 
     </span>
     <span class='ocr_line' id='line_1_30' title="bbox 195 2929 1779 3020; baseline 0.004 -23"><span class='ocrx_word' id='word_1_313' title='bbox 195 2932 417 3018; x_wconf 88' lang='lat' dir='ltr'>Thucydides,</span> <span class='ocrx_word' id='word_1_314' title='bbox 447 2935 510 3008; x_wconf 86' lang='lat' dir='ltr'>cui,</span> <span class='ocrx_word' id='word_1_315' title='bbox 541 2954 610 2994; x_wconf 91' lang='lat' dir='ltr'>cum</span> <span class='ocrx_word' id='word_1_316' title='bbox 640 2932 754 2994; x_wconf 88' lang='lat' dir='ltr'>ceteris</span> <span class='ocrx_word' id='word_1_317' title='bbox 784 2929 966 3015; x_wconf 91' lang='lat' dir='ltr'>obloquens</span> <span class='ocrx_word' id='word_1_318' title='bbox 995 2932 1081 2994; x_wconf 92' lang='lat' dir='ltr'>illum</span> <span class='ocrx_word' id='word_1_319' title='bbox 1105 2931 1229 2994; x_wconf 93' lang='lat' dir='ltr'>lochum</span> <span class='ocrx_word' id='word_1_320' title='bbox 1255 2954 1392 3016; x_wconf 93' lang='lat' dir='ltr'>unquam</span> <span class='ocrx_word' id='word_1_321' title='bbox 1415 2932 1513 2998; x_wconf 86' lang='lat' dir='ltr'>luisse</span> <span class='ocrx_word' id='word_1_322' title='bbox 1536 2939 1697 3020; x_wconf 79' lang='lat' dir='ltr'>negaverit</span> <span class='ocrx_word' id='word_1_323' title='bbox 1724 2937 1779 3017; x_wconf 84' lang='grc' dir='ltr'>(ὃς</span> 
     </span>
     <span class='ocr_line' id='line_1_31' title="bbox 197 3016 1778 3108; baseline -0.001 -19"><span class='ocrx_word' id='word_1_324' title='bbox 197 3017 269 3089; x_wconf 76' lang='grc' dir='ltr'><em>οὐδ’</em></span> <span class='ocrx_word' id='word_1_325' title='bbox 293 3021 427 3107; x_wconf 72' lang='grc' dir='ltr'><em>ἐγένετο</em></span> <span class='ocrx_word' id='word_1_326' title='bbox 449 3016 641 3097; x_wconf 75' lang='lat' dir='ltr'>acinace),</span> <span class='ocrx_word' id='word_1_327' title='bbox 669 3022 730 3081; x_wconf 91' lang='lat' dir='ltr'>nisi</span> <span class='ocrx_word' id='word_1_328' title='bbox 754 3040 825 3082; x_wconf 92' lang='lat' dir='ltr'>eum</span> <span class='ocrx_word' id='word_1_329' title='bbox 848 3019 997 3082; x_wconf 87' lang='lat' dir='ltr'>hariolari</span> <span class='ocrx_word' id='word_1_330' title='bbox 1019 3020 1071 3083; x_wconf 89' lang='lat' dir='ltr'>vel</span> <span class='ocrx_word' id='word_1_331' title='bbox 1094 3023 1185 3083; x_wconf 90' lang='lat' dir='ltr'>etiam</span> <span class='ocrx_word' id='word_1_332' title='bbox 1211 3019 1346 3085; x_wconf 89' lang='lat' dir='ltr'>delirare</span> <span class='ocrx_word' id='word_1_333' title='bbox 1368 3021 1462 3100; x_wconf 87' lang='lat' dir='ltr'>velis,</span> <span class='ocrx_word' id='word_1_334' title='bbox 1484 3023 1515 3088; x_wconf 93' lang='lat' dir='ltr'>id</span> <span class='ocrx_word' id='word_1_335' title='bbox 1541 3026 1644 3108; x_wconf 92' lang='lat' dir='ltr'>ipsum</span> <span class='ocrx_word' id='word_1_336' title='bbox 1668 3025 1778 3108; x_wconf 92' lang='lat' dir='ltr'>explo-</span> 
     </span>
     <span class='ocr_line' id='line_1_32' title="bbox 196 3110 1685 3174; baseline -0.007 -1"><span class='ocrx_word' id='word_1_337' title='bbox 196 3113 384 3174; x_wconf 88' lang='lat' dir='ltr'>ratissimum</span> <span class='ocrx_word' id='word_1_338' title='bbox 406 3110 503 3173; x_wconf 85' lang='lat' dir='ltr'>fuisse</span> <span class='ocrx_word' id='word_1_339' title='bbox 524 3129 657 3172; x_wconf 89' lang='lat' dir='ltr'>necesse</span> <span class='ocrx_word' id='word_1_340' title='bbox 681 3118 756 3171; x_wconf 82' lang='lat' dir='ltr'>est·</span> <span class='ocrx_word' id='word_1_341' title='bbox 1682 3157 1685 3163; x_wconf 89' lang='lat'>.</span> 
     </span>
    </p>

    <p class='ocr_par' dir='ltr' id='par_1_3' title="bbox 107 3193 1779 4440">
     <span class='ocr_line' id='line_1_33' title="bbox 329 3193 1778 3285; baseline 0.002 -24"><span class='ocrx_word' id='word_1_342' title='bbox 329 3200 388 3262; x_wconf 92' lang='lat' dir='ltr'>His</span> <span class='ocrx_word' id='word_1_343' title='bbox 414 3218 493 3262; x_wconf 85' lang='lat' dir='ltr'>vero</span> <span class='ocrx_word' id='word_1_344' title='bbox 522 3194 700 3261; x_wconf 87' lang='lat' dir='ltr'>rationibus</span> <span class='ocrx_word' id='word_1_345' title='bbox 730 3216 800 3259; x_wconf 90' lang='lat' dir='ltr'>cum</span> <span class='ocrx_word' id='word_1_346' title='bbox 830 3193 967 3259; x_wconf 89' lang='lat' dir='ltr'>duorum</span> <span class='ocrx_word' id='word_1_347' title='bbox 996 3197 1218 3260; x_wconf 90' lang='lat' dir='ltr'>historicorum</span> <span class='ocrx_word' id='word_1_348' title='bbox 1247 3196 1438 3262; x_wconf 88' lang='lat' dir='ltr'>dissensioni</span> <span class='ocrx_word' id='word_1_349' title='bbox 1467 3203 1608 3263; x_wconf 92' lang='lat' dir='ltr'>succurri</span> <span class='ocrx_word' id='word_1_350' title='bbox 1632 3214 1778 3285; x_wconf 87' lang='lat' dir='ltr'>nequeat,</span> 
     </span>
     <span class='ocr_line' id='line_1_34' title="bbox 194 3283 1778 3371; baseline 0.003 -21"><span class='ocrx_word' id='word_1_351' title='bbox 194 3283 254 3350; x_wconf 84' lang='lat' dir='ltr'>iam</span> <span class='ocrx_word' id='word_1_352' title='bbox 279 3310 317 3351; x_wconf 87' lang='lat' dir='ltr'>ea</span> <span class='ocrx_word' id='word_1_353' title='bbox 340 3289 442 3350; x_wconf 91' lang='lat' dir='ltr'>oritur</span> <span class='ocrx_word' id='word_1_354' title='bbox 465 3287 619 3371; x_wconf 90' lang='lat' dir='ltr'>quaestio,</span> <span class='ocrx_word' id='word_1_355' title='bbox 644 3307 717 3349; x_wconf 91' lang='lat' dir='ltr'>num</span> <span class='ocrx_word' id='word_1_356' title='bbox 742 3305 839 3359; x_wconf 90' lang='lat' dir='ltr'>error,</span> <span class='ocrx_word' id='word_1_357' title='bbox 864 3287 917 3367; x_wconf 92' lang='lat' dir='ltr'>qui</span> <span class='ocrx_word' id='word_1_358' title='bbox 935 3285 1068 3348; x_wconf 88' lang='lat' dir='ltr'>Graecis</span> <span class='ocrx_word' id='word_1_359' title='bbox 1092 3307 1109 3347; x_wconf 93' lang='lat' dir='ltr'>a</span> <span class='ocrx_word' id='word_1_360' title='bbox 1133 3285 1325 3371; x_wconf 89' lang='lat' dir='ltr'>Thucydide</span> <span class='ocrx_word' id='word_1_361' title='bbox 1348 3285 1469 3371; x_wconf 92' lang='lat' dir='ltr'>probro</span> <span class='ocrx_word' id='word_1_362' title='bbox 1495 3288 1595 3366; x_wconf 88' lang='lat' dir='ltr'>datur,</span> <span class='ocrx_word' id='word_1_363' title='bbox 1617 3292 1650 3352; x_wconf 92' lang='lat' dir='ltr'>in</span> <span class='ocrx_word' id='word_1_364' title='bbox 1675 3311 1714 3354; x_wconf 95' lang='lat' dir='ltr'>eo</span> <span class='ocrx_word' id='word_1_365' title='bbox 1739 3294 1778 3354; x_wconf 91' lang='lat' dir='ltr'>sit</span> 
     </span>
     <span class='ocr_line' id='line_1_35' title="bbox 196 3375 1778 3461; baseline 0.003 -22"><span class='ocrx_word' id='word_1_366' title='bbox 196 3379 336 3460; x_wconf 77' lang='lat' dir='ltr'>positae,</span> <span class='ocrx_word' id='word_1_367' title='bbox 363 3375 451 3461; x_wconf 93' lang='lat' dir='ltr'>quod</span> <span class='ocrx_word' id='word_1_368' title='bbox 479 3375 566 3439; x_wconf 90' lang='lat' dir='ltr'>lochi</span> <span class='ocrx_word' id='word_1_369' title='bbox 595 3377 724 3438; x_wconf 91' lang='lat' dir='ltr'>nomine</span> <span class='ocrx_word' id='word_1_370' title='bbox 748 3394 858 3456; x_wconf 90' lang='lat' dir='ltr'>parum</span> <span class='ocrx_word' id='word_1_371' title='bbox 882 3386 1028 3437; x_wconf 82' lang='lat' dir='ltr'>accurate</span> <span class='ocrx_word' id='word_1_372' title='bbox 1051 3385 1229 3452; x_wconf 89' lang='lat' dir='ltr'>uterentur,</span> <span class='ocrx_word' id='word_1_373' title='bbox 1259 3398 1329 3438; x_wconf 93' lang='lat' dir='ltr'>cum</span> <span class='ocrx_word' id='word_1_374' title='bbox 1354 3379 1463 3439; x_wconf 83' lang='lat' dir='ltr'>Pitane</span> <span class='ocrx_word' id='word_1_375' title='bbox 1488 3387 1572 3440; x_wconf 90' lang='lat' dir='ltr'>esset</span> <span class='ocrx_word' id='word_1_376' title='bbox 1595 3377 1696 3441; x_wconf 91' lang='lat' dir='ltr'>tribus</span> <span class='ocrx_word' id='word_1_377' title='bbox 1721 3402 1778 3444; x_wconf 88' lang='lat' dir='ltr'>seu</span> 
     </span>
     <span class='ocr_line' id='line_1_36' title="bbox 195 3460 1777 3558; baseline 0 -28"><span class='ocrx_word' id='word_1_378' title='bbox 195 3460 298 3558; x_wconf 84' lang='grc' dir='ltr'><em>φυλή,</em></span> <span class='ocrx_word' id='word_1_379' title='bbox 320 3485 422 3548; x_wconf 88' lang='lat' dir='ltr'>eaque</span> <span class='ocrx_word' id='word_1_380' title='bbox 445 3463 580 3526; x_wconf 87' lang='lat' dir='ltr'>sortasse</span> <span class='ocrx_word' id='word_1_381' title='bbox 603 3483 670 3526; x_wconf 92' lang='lat' dir='ltr'>non</span> <span class='ocrx_word' id='word_1_382' title='bbox 693 3462 789 3526; x_wconf 87' lang='lat' dir='ltr'>loclro</span> <span class='ocrx_word' id='word_1_383' title='bbox 812 3462 881 3541; x_wconf 91' lang='lat' dir='ltr'>soli,</span> <span class='ocrx_word' id='word_1_384' title='bbox 905 3462 963 3526; x_wconf 88' lang='lat' dir='ltr'>sed</span> <span class='ocrx_word' id='word_1_385' title='bbox 985 3484 1093 3527; x_wconf 91' lang='lat' dir='ltr'>morae</span> <span class='ocrx_word' id='word_1_386' title='bbox 1115 3467 1173 3527; x_wconf 90' lang='lat' dir='ltr'>toti</span> <span class='ocrx_word' id='word_1_387' title='bbox 1189 3485 1305 3527; x_wconf 91' lang='lat' dir='ltr'>nomen</span> <span class='ocrx_word' id='word_1_388' title='bbox 1321 3487 1412 3528; x_wconf 90' lang='lat' dir='ltr'>suum</span> <span class='ocrx_word' id='word_1_389' title='bbox 1429 3464 1577 3529; x_wconf 90' lang='lat' dir='ltr'>dedisset.</span> <span class='ocrx_word' id='word_1_390' title='bbox 1622 3469 1777 3531; x_wconf 91' lang='lat' dir='ltr'>Nimirum</span> 
     </span>
     <span class='ocr_line' id='line_1_37' title="bbox 197 3551 1777 3639; baseline 0.002 -23"><span class='ocrx_word' id='word_1_391' title='bbox 197 3553 393 3637; x_wconf 87' lang='lat' dir='ltr'>Hesychius,</span> <span class='ocrx_word' id='word_1_392' title='bbox 426 3573 496 3615; x_wconf 90' lang='lat' dir='ltr'>cum</span> <span class='ocrx_word' id='word_1_393' title='bbox 522 3552 609 3615; x_wconf 91' lang='lat' dir='ltr'>illum</span> <span class='ocrx_word' id='word_1_394' title='bbox 638 3552 775 3627; x_wconf 85' lang='lat' dir='ltr'>lechum,</span> <span class='ocrx_word' id='word_1_395' title='bbox 807 3572 994 3636; x_wconf 90' lang='lat' dir='ltr'>quamquam</span> <span class='ocrx_word' id='word_1_396' title='bbox 1025 3552 1139 3636; x_wconf 88' lang='lat' dir='ltr'>procul</span> <span class='ocrx_word' id='word_1_397' title='bbox 1171 3551 1270 3617; x_wconf 90' lang='lat' dir='ltr'>dubio</span> <span class='ocrx_word' id='word_1_398' title='bbox 1299 3552 1497 3639; x_wconf 87' lang='lat' dir='ltr'>Thucydidis</span> <span class='ocrx_word' id='word_1_399' title='bbox 1528 3558 1627 3639; x_wconf 92' lang='lat' dir='ltr'>ipsius</span> <span class='ocrx_word' id='word_1_400' title='bbox 1658 3566 1777 3621; x_wconf 88' lang='lat' dir='ltr'>tautum</span> 
     </span>
     <span class='ocr_line' id='line_1_38' title="bbox 195 3637 1778 3735; baseline 0.005 -31"><span class='ocrx_word' id='word_1_401' title='bbox 195 3641 348 3706; x_wconf 90' lang='lat' dir='ltr'>iudicium</span> <span class='ocrx_word' id='word_1_402' title='bbox 372 3651 509 3717; x_wconf 88' lang='lat' dir='ltr'>secutus,</span> <span class='ocrx_word' id='word_1_403' title='bbox 532 3645 599 3724; x_wconf 89' lang='lat' dir='ltr'>ipse</span> <span class='ocrx_word' id='word_1_404' title='bbox 623 3661 753 3724; x_wconf 89' lang='lat' dir='ltr'>quoque</span> <span class='ocrx_word' id='word_1_405' title='bbox 775 3643 903 3719; x_wconf 87' lang='lat' dir='ltr'>reiiciat,</span> <span class='ocrx_word' id='word_1_406' title='bbox 927 3644 982 3724; x_wconf 92' lang='lat' dir='ltr'>qui</span> <span class='ocrx_word' id='word_1_407' title='bbox 1001 3639 1020 3709; x_wconf 87' lang='grc' dir='ltr'>ὁ</span> <span class='ocrx_word' id='word_1_408' title='bbox 1037 3637 1234 3735; x_wconf 80' lang='grc' dir='ltr'><em>Πιτανάιης</em></span> <span class='ocrx_word' id='word_1_409' title='bbox 1256 3637 1371 3731; x_wconf 82' lang='grc' dir='ltr'><em>λόχος,</em></span> <span class='ocrx_word' id='word_1_410' title='bbox 1396 3647 1450 3720; x_wconf 84' lang='lat' dir='ltr'>ait,</span> <span class='ocrx_word' id='word_1_411' title='bbox 1473 3639 1778 3731; x_wconf 79' lang='grc' dir='ltr'><em>αυτοοχεδιάζεται,</em></span> 
     </span>
     <span class='ocr_line' id='line_1_39' title="bbox 107 3724 1779 3821; baseline 0.003 -25"><span class='ocrx_word' id='word_1_412' title='bbox 107 3757 111 3769; x_wconf 80' lang='grc'><em>’</em></span> <span class='ocrx_word' id='word_1_413' title='bbox 196 3725 259 3797; x_wconf 74' lang='grc' dir='ltr'>οὐκ</span> <span class='ocrx_word' id='word_1_414' title='bbox 280 3728 328 3796; x_wconf 77' lang='grc' dir='ltr'>ὢν</span> <span class='ocrx_word' id='word_1_415' title='bbox 350 3735 425 3803; x_wconf 79' lang='grc' dir='ltr'>ταῖς</span> <span class='ocrx_word' id='word_1_416' title='bbox 446 3724 638 3817; x_wconf 68' lang='grc' dir='ltr'>ἀληθείαις,</span> <span class='ocrx_word' id='word_1_417' title='bbox 663 3738 767 3792; x_wconf 89' lang='lat' dir='ltr'>tamen</span> <span class='ocrx_word' id='word_1_418' title='bbox 790 3728 903 3821; x_wconf 73' lang='grc' dir='ltr'><em>φυλήν</em></span> <span class='ocrx_word' id='word_1_419' title='bbox 925 3730 1064 3793; x_wconf 89' lang='lat' dir='ltr'>eiusdem</span> <span class='ocrx_word' id='word_1_420' title='bbox 1087 3735 1221 3793; x_wconf 92' lang='lat' dir='ltr'>nominis</span> <span class='ocrx_word' id='word_1_421' title='bbox 1245 3742 1477 3807; x_wconf 87' lang='lat' dir='ltr'>commemorat,</span> <span class='ocrx_word' id='word_1_422' title='bbox 1500 3734 1547 3796; x_wconf 91' lang='lat' dir='ltr'>his</span> <span class='ocrx_word' id='word_1_423' title='bbox 1569 3732 1687 3796; x_wconf 89' lang='lat' dir='ltr'>verbis:</span> <span class='ocrx_word' id='word_1_424' title='bbox 1711 3738 1779 3800; x_wconf 88' lang='grc' dir='ltr'>Πι-</span> 
     </span>
     <span class='ocr_line' id='line_1_40' title="bbox 195 3812 1778 3913; baseline 0.003 -29"><span class='ocrx_word' id='word_1_425' title='bbox 195 3815 346 3909; x_wconf 73' lang='grc' dir='ltr'><em>τανάτης</em></span> <span class='ocrx_word' id='word_1_426' title='bbox 369 3813 563 3908; x_wconf 57' lang='grc' dir='ltr'><em>οτρατάς4),</em></span> <span class='ocrx_word' id='word_1_427' title='bbox 592 3816 702 3884; x_wconf 75' lang='grc' dir='ltr'><em>ὁτῶν</em></span> <span class='ocrx_word' id='word_1_428' title='bbox 723 3813 917 3909; x_wconf 80' lang='grc' dir='ltr'>Ἑλλήνων·</span> <span class='ocrx_word' id='word_1_429' title='bbox 946 3817 1022 3913; x_wconf 80' lang='grc' dir='ltr'><em>ἤτοι</em></span> <span class='ocrx_word' id='word_1_430' title='bbox 1045 3812 1111 3885; x_wconf 88' lang='grc' dir='ltr'>άαδ</span> <span class='ocrx_word' id='word_1_431' title='bbox 1132 3820 1274 3912; x_wconf 85' lang='grc' dir='ltr'>με’ρους,</span> <span class='ocrx_word' id='word_1_432' title='bbox 1303 3821 1324 3913; x_wconf 83' lang='grc' dir='ltr'><em>ἢ</em></span> <span class='ocrx_word' id='word_1_433' title='bbox 1347 3820 1406 3888; x_wconf 83' lang='grc' dir='ltr'>διά</span> <span class='ocrx_word' id='word_1_434' title='bbox 1428 3816 1490 3889; x_wconf 76' lang='lat' dir='ltr'>adr</span> <span class='ocrx_word' id='word_1_435' title='bbox 1513 3819 1710 3899; x_wconf 76' lang='grc' dir='ltr'><em>Μενέλαον,</em></span> <span class='ocrx_word' id='word_1_436' title='bbox 1740 3821 1778 3898; x_wconf 83' lang='grc' dir='ltr'>ὃς</span> 
     </span>
     <span class='ocr_line' id='line_1_41' title="bbox 194 3900 1777 4003; baseline -0.001 -29"><span class='ocrx_word' id='word_1_437' title='bbox 194 3903 237 3996; x_wconf 79' lang='grc' dir='ltr'>ἦν</span> <span class='ocrx_word' id='word_1_438' title='bbox 267 3902 479 3996; x_wconf 81' lang='grc' dir='ltr'><em>Πιτανάτης,</em></span> <span class='ocrx_word' id='word_1_439' title='bbox 513 3900 557 3972; x_wconf 81' lang='grc' dir='ltr'>οὗ</span> <span class='ocrx_word' id='word_1_440' title='bbox 583 3905 687 3996; x_wconf 84' lang='grc' dir='ltr'><em>χάριν</em></span> <span class='ocrx_word' id='word_1_441' title='bbox 709 3902 952 3997; x_wconf 81' lang='grc' dir='ltr'><em>ἐστράτευσαν·</em></span> <span class='ocrx_word' id='word_1_442' title='bbox 983 3910 1068 3974; x_wconf 79' lang='grc' dir='ltr'><em>ἔστι</em></span> <span class='ocrx_word' id='word_1_443' title='bbox 1088 3907 1176 3998; x_wconf 76' lang='grc' dir='ltr'>δδή</span> <span class='ocrx_word' id='word_1_444' title='bbox 1205 3905 1366 4000; x_wconf 75' lang='grc' dir='ltr'><em>Πιτάνη</em></span> <span class='ocrx_word' id='word_1_445' title='bbox 1391 3905 1504 4003; x_wconf 77' lang='grc' dir='ltr'><em>φυλή.</em></span> <span class='ocrx_word' id='word_1_446' title='bbox 1548 3911 1663 3994; x_wconf 90' lang='lat' dir='ltr'>Neque</span> <span class='ocrx_word' id='word_1_447' title='bbox 1688 3913 1777 3975; x_wconf 87' lang='lat' dir='ltr'>aliter</span> 
     </span>
     <span class='ocr_line' id='line_1_42' title="bbox 198 3989 1777 4090; baseline 0.003 -29"><span class='ocrx_word' id='word_1_448' title='bbox 198 3996 331 4061; x_wconf 91' lang='lat' dir='ltr'>Photius</span> <span class='ocrx_word' id='word_1_449' title='bbox 355 3997 387 4057; x_wconf 93' lang='lat' dir='ltr'>in</span> <span class='ocrx_word' id='word_1_450' title='bbox 410 3994 526 4062; x_wconf 87' lang='lat' dir='ltr'>lexico:</span> <span class='ocrx_word' id='word_1_451' title='bbox 559 3990 735 4082; x_wconf 82' lang='grc' dir='ltr'><em>Πιτάνη,</em></span> <span class='ocrx_word' id='word_1_452' title='bbox 766 3989 871 4090; x_wconf 67' lang='grc' dir='ltr'><em>φυλή</em></span> <span class='ocrx_word' id='word_1_453' title='bbox 897 3998 963 4062; x_wconf 83' lang='grc' dir='ltr'>καὶ</span> <span class='ocrx_word' id='word_1_454' title='bbox 990 3993 1113 4070; x_wconf 82' lang='grc' dir='ltr'><em>τόκος</em></span> <span class='ocrx_word' id='word_1_455' title='bbox 1140 3995 1210 4090; x_wconf 80' lang='grc' dir='ltr'>τῆς</span> <span class='ocrx_word' id='word_1_456' title='bbox 1231 3997 1482 4085; x_wconf 80' lang='grc' dir='ltr'><em>Λακωνικῆς.</em></span> <span class='ocrx_word' id='word_1_457' title='bbox 1518 3996 1622 4084; x_wconf 81' lang='grc' dir='ltr'><em>λάχος</em></span> <span class='ocrx_word' id='word_1_458' title='bbox 1650 3999 1688 4068; x_wconf 69' lang='grc' dir='ltr'>δι’</span> <span class='ocrx_word' id='word_1_459' title='bbox 1716 3997 1777 4066; x_wconf 78' lang='grc' dir='ltr'>οὐκ</span> 
     </span>
     <span class='ocr_line' id='line_1_43' title="bbox 188 4077 1774 4179; baseline -0.002 -25"><span class='ocrx_word' id='word_1_460' title='bbox 188 4085 328 4172; x_wconf 70' lang='grc' dir='ltr'>’ἐγένετο</span> <span class='ocrx_word' id='word_1_461' title='bbox 359 4077 571 4175; x_wconf 73' lang='grc' dir='ltr'><em>Πιτανάτης,</em></span> <span class='ocrx_word' id='word_1_462' title='bbox 598 4080 642 4158; x_wconf 76' lang='lat' dir='ltr'>uic</span> <span class='ocrx_word' id='word_1_463' title='bbox 675 4083 892 4171; x_wconf 77' lang='grc' dir='ltr'><em>Θουκυδίδης.</em></span> <span class='ocrx_word' id='word_1_464' title='bbox 943 4084 1007 4149; x_wconf 91' lang='lat' dir='ltr'>Sed</span> <span class='ocrx_word' id='word_1_465' title='bbox 1037 4085 1076 4149; x_wconf 90' lang='lat' dir='ltr'>de</span> <span class='ocrx_word' id='word_1_466' title='bbox 1107 4085 1201 4179; x_wconf 76' lang='grc' dir='ltr'><em>φυλῇ</em></span> <span class='ocrx_word' id='word_1_467' title='bbox 1228 4088 1336 4149; x_wconf 89' lang='lat' dir='ltr'>Pitane</span> <span class='ocrx_word' id='word_1_468' title='bbox 1366 4086 1524 4151; x_wconf 91' lang='lat' dir='ltr'>Herodoti</span> <span class='ocrx_word' id='word_1_469' title='bbox 1557 4099 1642 4151; x_wconf 89' lang='lat' dir='ltr'>certe</span> <span class='ocrx_word' id='word_1_470' title='bbox 1672 4099 1774 4151; x_wconf 89' lang='lat' dir='ltr'>aetate</span> 
     </span>
     <span class='ocr_line' id='line_1_44' title="bbox 116 4170 1775 4259; baseline -0.001 -20"><span class='ocrx_word' id='word_1_471' title='bbox 116 4191 129 4203; x_wconf 82' lang='grc'><strong>“</strong></span> <span class='ocrx_word' id='word_1_472' title='bbox 197 4173 342 4239; x_wconf 90' lang='lat' dir='ltr'>noudum</span> <span class='ocrx_word' id='word_1_473' title='bbox 366 4171 565 4254; x_wconf 90' lang='lat' dir='ltr'>cogitandum</span> <span class='ocrx_word' id='word_1_474' title='bbox 589 4170 724 4236; x_wconf 92' lang='lat' dir='ltr'>videtur.</span> <span class='ocrx_word' id='word_1_475' title='bbox 764 4172 1039 4256; x_wconf 83' lang='lat' dir='ltr'>Quemadmodum</span> <span class='ocrx_word' id='word_1_476' title='bbox 1064 4181 1145 4237; x_wconf 88' lang='lat' dir='ltr'>enim</span> <span class='ocrx_word' id='word_1_477' title='bbox 1171 4176 1302 4237; x_wconf 82' lang='lat' dir='ltr'>Athenis</span> <span class='ocrx_word' id='word_1_478' title='bbox 1327 4173 1443 4259; x_wconf 82' lang='lat' dir='ltr'>duplex</span> <span class='ocrx_word' id='word_1_479' title='bbox 1467 4185 1533 4238; x_wconf 90' lang='lat' dir='ltr'>erat</span> <span class='ocrx_word' id='word_1_480' title='bbox 1556 4180 1687 4239; x_wconf 90' lang='lat' dir='ltr'>civitatis</span> <span class='ocrx_word' id='word_1_481' title='bbox 1712 4175 1775 4238; x_wconf 89' lang='lat' dir='ltr'>dis-</span> 
     </span>
     <span class='ocr_line' id='line_1_45' title="bbox 196 4258 1776 4358; baseline 0.001 -31"><span class='ocrx_word' id='word_1_482' title='bbox 196 4259 342 4351; x_wconf 80' lang='lat' dir='ltr'>tributio,</span> <span class='ocrx_word' id='word_1_483' title='bbox 371 4280 433 4323; x_wconf 87' lang='lat' dir='ltr'>una</span> <span class='ocrx_word' id='word_1_484' title='bbox 455 4258 531 4323; x_wconf 89' lang='lat' dir='ltr'>inde</span> <span class='ocrx_word' id='word_1_485' title='bbox 554 4259 594 4323; x_wconf 94' lang='lat' dir='ltr'>ab</span> <span class='ocrx_word' id='word_1_486' title='bbox 618 4263 841 4344; x_wconf 89' lang='lat' dir='ltr'>antiquissimis</span> <span class='ocrx_word' id='word_1_487' title='bbox 865 4264 1061 4346; x_wconf 89' lang='lat' dir='ltr'>temporibus</span> <span class='ocrx_word' id='word_1_488' title='bbox 1084 4266 1117 4326; x_wconf 93' lang='lat' dir='ltr'>in</span> <span class='ocrx_word' id='word_1_489' title='bbox 1139 4261 1267 4357; x_wconf 78' lang='grc' dir='ltr'><em>φυλάς,</em></span> <span class='ocrx_word' id='word_1_490' title='bbox 1288 4265 1473 4358; x_wconf 79' lang='grc' dir='ltr'><em>φρατρίας,</em></span> <span class='ocrx_word' id='word_1_491' title='bbox 1497 4265 1578 4355; x_wconf 79' lang='grc' dir='ltr'>γένη</span> <span class='ocrx_word' id='word_1_492' title='bbox 1602 4263 1776 4328; x_wconf 91' lang='lat' dir='ltr'>secuudum</span> 
     </span>
     <span class='ocr_line' id='line_1_46' title="bbox 197 4348 1776 4440; baseline 0.002 -27"><span class='ocrx_word' id='word_1_493' title='bbox 197 4354 334 4436; x_wconf 88' lang='lat' dir='ltr'>gentium</span> <span class='ocrx_word' id='word_1_494' title='bbox 363 4350 595 4433; x_wconf 87' lang='lat' dir='ltr'>cognationem,</span> <span class='ocrx_word' id='word_1_495' title='bbox 624 4348 719 4412; x_wconf 86' lang='lat' dir='ltr'>altera</span> <span class='ocrx_word' id='word_1_496' title='bbox 745 4348 908 4415; x_wconf 89' lang='lat' dir='ltr'>Clisthene</span> <span class='ocrx_word' id='word_1_497' title='bbox 935 4362 1065 4415; x_wconf 91' lang='lat' dir='ltr'>auctore</span> <span class='ocrx_word' id='word_1_498' title='bbox 1094 4354 1125 4414; x_wconf 92' lang='lat' dir='ltr'>in</span> <span class='ocrx_word' id='word_1_499' title='bbox 1153 4350 1282 4440; x_wconf 78' lang='grc' dir='ltr'><em>δήμους</em></span> <span class='ocrx_word' id='word_1_500' title='bbox 1309 4351 1484 4417; x_wconf 90' lang='lat' dir='ltr'>secundum</span> <span class='ocrx_word' id='word_1_501' title='bbox 1513 4355 1667 4436; x_wconf 89' lang='lat' dir='ltr'>regiones,</span> <span class='ocrx_word' id='word_1_502' title='bbox 1698 4374 1776 4436; x_wconf 85' lang='lat' dir='ltr'>quas</span> 
     </span>
    </p>
   </div>
   <div class='ocr_carea' id='block_1_3' title="bbox 222 4564 1721 4759">
    <p class='ocr_par' dir='ltr' id='par_1_4' title="bbox 222 4564 1721 4759">
     <span class='ocr_line' id='line_1_47' title="bbox 224 4564 1721 4676; baseline 0.003 -28"><span class='ocrx_word' id='word_1_503' title='bbox 224 4599 247 4663; x_wconf 93' lang='lat'>¹)</span> <span class='ocrx_word' id='word_1_504' title='bbox 267 4564 362 4650; x_wconf 81' lang='lat' dir='ltr'>Herod.</span> <span class='ocrx_word' id='word_1_505' title='bbox 381 4593 429 4650; x_wconf 85' lang='lat' dir='ltr'>IX.</span> <span class='ocrx_word' id='word_1_506' title='bbox 451 4598 497 4650; x_wconf 90' lang='lat' dir='ltr'>ll:</span> <span class='ocrx_word' id='word_1_507' title='bbox 521 4574 622 4658; x_wconf 69' lang='grc' dir='ltr'>ξείνους4</span> <span class='ocrx_word' id='word_1_508' title='bbox 637 4597 690 4669; x_wconf 81' lang='grc' dir='ltr'>γάρ</span> <span class='ocrx_word' id='word_1_509' title='bbox 709 4597 815 4654; x_wconf 78' lang='grc' dir='ltr'>ἐκάλεον</span> <span class='ocrx_word' id='word_1_510' title='bbox 834 4597 895 4654; x_wconf 77' lang='lat' dir='ltr'>eois</span> <span class='ocrx_word' id='word_1_511' title='bbox 912 4597 1070 4672; x_wconf 72' lang='grc' dir='ltr'>βαρβάρους.</span> <span class='ocrx_word' id='word_1_512' title='bbox 1099 4630 1132 4638; x_wconf 92' lang='grc'><strong>-</strong></span> <span class='ocrx_word' id='word_1_513' title='bbox 1159 4602 1184 4664; x_wconf 77' lang='lat'>²)</span> <span class='ocrx_word' id='word_1_514' title='bbox 1203 4595 1283 4654; x_wconf 81' lang='lat' dir='ltr'>Hans.</span> <span class='ocrx_word' id='word_1_515' title='bbox 1303 4597 1396 4676; x_wconf 86' lang='lat' dir='ltr'>Sparta</span> <span class='ocrx_word' id='word_1_516' title='bbox 1416 4597 1445 4653; x_wconf 90' lang='lat' dir='ltr'>P.</span> <span class='ocrx_word' id='word_1_517' title='bbox 1464 4596 1495 4650; x_wconf 88' lang='lat' dir='ltr'>ll.</span> <span class='ocrx_word' id='word_1_518' title='bbox 1515 4615 1541 4672; x_wconf 87' lang='lat' dir='ltr'>p.</span> <span class='ocrx_word' id='word_1_519' title='bbox 1560 4597 1611 4651; x_wconf 78' lang='lat'>126</span> <span class='ocrx_word' id='word_1_520' title='bbox 1629 4606 1682 4652; x_wconf 86' lang='lat' dir='ltr'>not.</span> <span class='ocrx_word' id='word_1_521' title='bbox 1701 4619 1721 4652; x_wconf 92' lang='lat' dir='ltr'>r.</span> 
     </span>
     <span class='ocr_line' id='line_1_48' title="bbox 222 4680 701 4759; baseline 0.006 -19"><span class='ocrx_word' id='word_1_522' title='bbox 222 4688 248 4754; x_wconf 78' lang='lat'>⁸)</span> <span class='ocrx_word' id='word_1_523' title='bbox 265 4681 285 4740; x_wconf 86' lang='lat' dir='ltr'>l.</span> <span class='ocrx_word' id='word_1_524' title='bbox 303 4703 330 4739; x_wconf 88' lang='lat' dir='ltr'>o..</span> <span class='ocrx_word' id='word_1_525' title='bbox 345 4680 376 4737; x_wconf 85' lang='lat' dir='ltr'>T.</span> <span class='ocrx_word' id='word_1_526' title='bbox 394 4682 425 4740; x_wconf 89' lang='lat' dir='ltr'>ll.</span> <span class='ocrx_word' id='word_1_527' title='bbox 444 4704 470 4759; x_wconf 93' lang='lat' dir='ltr'>p.</span> <span class='ocrx_word' id='word_1_528' title='bbox 489 4688 524 4738; x_wconf 87' lang='lat'>50</span> <span class='ocrx_word' id='word_1_529' title='bbox 541 4694 595 4743; x_wconf 85' lang='lat' dir='ltr'>not.</span> <span class='ocrx_word' id='word_1_530' title='bbox 608 4689 633 4743; x_wconf 86' lang='lat'>6.</span> <span class='ocrx_word' id='word_1_531' title='bbox 699 4709 701 4712; x_wconf 75' lang='grc'><strong>’</strong></span> 
     </span>
    </p>
   </div>
   <div class='ocr_carea' id='block_1_4' title="bbox 222 4757 1773 4925">
    <p class='ocr_par' dir='ltr' id='par_1_5' title="bbox 222 4757 1773 4925">
     <span class='ocr_line' id='line_1_49' title="bbox 222 4757 1773 4852; baseline 0.005 -26"><span class='ocrx_word' id='word_1_532' title='bbox 222 4777 251 4846; x_wconf 77' lang='lat'>⁴)</span> <span class='ocrx_word' id='word_1_533' title='bbox 269 4771 308 4827; x_wconf 82' lang='lat' dir='ltr'>lta</span> <span class='ocrx_word' id='word_1_534' title='bbox 327 4770 485 4828; x_wconf 83' lang='lat' dir='ltr'>Graecorum</span> <span class='ocrx_word' id='word_1_535' title='bbox 505 4779 634 4830; x_wconf 77' lang='lat' dir='ltr'>exercitu</span> <span class='ocrx_word' id='word_1_536' title='bbox 653 4774 778 4832; x_wconf 82' lang='lat' dir='ltr'>adversus</span> <span class='ocrx_word' id='word_1_537' title='bbox 798 4771 927 4831; x_wconf 83' lang='lat' dir='ltr'>Troianos</span> <span class='ocrx_word' id='word_1_538' title='bbox 945 4778 1040 4832; x_wconf 81' lang='lat' dir='ltr'>missus</span> <span class='ocrx_word' id='word_1_539' title='bbox 1060 4778 1086 4831; x_wconf 91' lang='lat' dir='ltr'>iu</span> <span class='ocrx_word' id='word_1_540' title='bbox 1105 4775 1191 4852; x_wconf 85' lang='lat' dir='ltr'>aliqua</span> <span class='ocrx_word' id='word_1_541' title='bbox 1211 4774 1320 4833; x_wconf 82' lang='lat' dir='ltr'>fortasse</span> <span class='ocrx_word' id='word_1_542' title='bbox 1340 4773 1469 4850; x_wconf 83' lang='lat' dir='ltr'>tragoedia</span> <span class='ocrx_word' id='word_1_543' title='bbox 1489 4776 1595 4852; x_wconf 89' lang='lat' dir='ltr'>antiqua</span> <span class='ocrx_word' id='word_1_544' title='bbox 1617 4757 1773 4852; x_wconf 85' lang='lat' dir='ltr'>designatur,</span> 
     </span>
     <span class='ocr_line' id='line_1_50' title="bbox 266 4841 1190 4925; baseline 0.003 -25"><span class='ocrx_word' id='word_1_545' title='bbox 266 4843 338 4922; x_wconf 92' lang='lat' dir='ltr'>quod</span> <span class='ocrx_word' id='word_1_546' title='bbox 357 4841 556 4923; x_wconf 80' lang='lat' dir='ltr'>lexicographus</span> <span class='ocrx_word' id='word_1_547' title='bbox 574 4849 606 4903; x_wconf 83' lang='lat' dir='ltr'>iia</span> <span class='ocrx_word' id='word_1_548' title='bbox 625 4866 690 4923; x_wconf 87' lang='lat' dir='ltr'>quae</span> <span class='ocrx_word' id='word_1_549' title='bbox 708 4856 855 4923; x_wconf 84' lang='lat' dir='ltr'>sequuntur</span> <span class='ocrx_word' id='word_1_550' title='bbox 874 4847 1064 4925; x_wconf 85' lang='lat' dir='ltr'>explanandum</span> <span class='ocrx_word' id='word_1_551' title='bbox 1083 4853 1190 4905; x_wconf 82' lang='lat' dir='ltr'>censuit.</span> 
     </span>
    </p>
   </div>
   <div class='ocr_carea' id='block_1_5' title="bbox 0 0 1982 5648">
    <p class='ocr_par' dir='ltr' id='par_1_6' title="bbox 0 0 1982 5648">
     <span class='ocr_line' id='line_1_51' title="bbox 0 0 1982 5648; baseline 0 0"><span class='ocrx_word' id='word_1_552' title='bbox 0 0 1982 5648; x_wconf 95' lang='lat' dir='ltr'> </span> 
     </span>
    </p>
   </div>
  </div>
 </body>
</html>
