3952 5648
966 125 996 212 8

130 362 134 373 “
195 363 262 432 tur,
284 361 396 417 nostro
419 349 491 416 loro
515 349 644 434 intelligi
666 370 731 415 non
754 370 864 435 posse,
895 351 1067 413 rectissime
1089 349 1149 412 iam
1171 350 1295 413 monuit
1314 346 1501 413 scholiastes
1528 349 1661 437 (ἔρυμα
1683 347 1784 434 λέγει

194 457 258 528 νῦν
281 454 344 546 οὐχ
368 454 450 549 ὅπερ
475 455 513 523 ἕν
534 456 576 548 τῇ
598 452 628 544 η’
651 456 741 542 λέγει
757 451 912 549 ’Όμηρος
935 456 1131 543 γενέσθαι),
1158 464 1271 540 utpote
1298 474 1378 538 quae
1405 451 1527 519 decimo
1551 452 1675 516 demum
1697 450 1785 517 belli

197 563 333 630 Troiani
362 584 446 625 anuo
477 561 556 624 iacta
586 564 656 625 siut.
708 561 788 627 Cum
818 583 894 626 vero
924 565 966 624 ita
995 561 1093 626 sebol.
1118 570 1237 645 pergat:
1269 553 1358 627 ἄλλα
1380 555 1549 653 πρότερον
1570 555 1784 653 μικρότερον

195 665 253 741 διό
275 667 335 746 τοὶς
357 668 424 736 τῶν
446 662 642 758 βαρβάρων
664 664 860 759 ἐπιδρομάς,
886 690 995 733 οιοοεε
1019 665 1146 752 quidem
1170 669 1364 730 recentiores
1388 670 1575 752 interpretes
1592 668 1783 730 assensione

195 799 250 841 sua
275 777 308 839 id
332 772 589 858 comprobarunt,
613 771 671 835 sed
696 783 800 838 tamen
822 796 882 838 uec
903 775 956 838 ille
980 796 1039 838 uec
1062 775 1092 836 hi
1117 776 1294 857 quicquam,
1318 794 1382 856 quo
1405 773 1467 836 boc
1483 771 1691 837 demonstrari
1707 770 1780 836 nllo

195 894 291 970 pacto
316 891 420 965 queat,
444 883 640 941 invenerunt.
686 879 801 962 Neque
825 880 908 944 enirn
932 879 1028 944 ullum
1051 877 1301 965 deprehenditur
1321 877 1405 963 apud
1423 878 1596 942 Homerum
1612 879 1781 963 vestigium

194 989 379 1052 munitionis
403 995 477 1047 ante
502 983 577 1047 illud
602 995 726 1069 tempus
750 995 934 1050 exstructae.
980 987 1100 1071 Heynii
1116 995 1218 1050 autem
1235 986 1324 1063 ratio,
1347 988 1546 1068 negationem
1563 980 1626 1051 οὐκ
1641 987 1674 1047 in
1691 984 1780 1047 Thu-

198 1091 324 1178 cydidis
347 1090 452 1153 verbis
477 1088 643 1154 delendam
667 1089 833 1154 iudicantis
847 1092 881 1173 ¹),
905 1113 1103 1176 nequaquam
1124 1088 1315 1154 admittenda
1333 1100 1389 1169 est,
1413 1111 1483 1152 eum
1504 1111 1572 1154 non
1587 1090 1780 1155 scholiastae

196 1198 298 1264 solum
327 1195 456 1259 lectioni
485 1205 516 1260 et
544 1196 758 1281 explicationi,
786 1217 897 1259 verum
927 1198 1020 1261 etiam
1044 1196 1241 1283 Thucydidis
1264 1198 1362 1280 ipsius
1387 1195 1521 1260 consilio
1544 1217 1581 1259 ac
1603 1196 1782 1259 sententiae

197 1324 328 1391 prorsus
353 1311 514 1386 repugnet.
558 1304 672 1386 Neque
695 1309 797 1364 minus
822 1324 859 1364 ea
882 1300 1031 1367 videntur
1052 1301 1273 1389 improbanda,
1298 1324 1378 1387 quae
1401 1302 1580 1381 Siebelis²)
1603 1300 1647 1364 illi
1669 1320 1781 1364 ernen-

196 1409 317 1474 dationi
340 1410 498 1492 opposuit,
522 1409 568 1470 bis
593 1407 713 1471 verbis:
749 1406 842 1488 „Sed
862 1406 896 1474 si
915 1406 979 1473 lroc
1002 1406 1244 1474 munimentum
1268 1431 1344 1473 eom
1368 1406 1410 1473 ob
1431 1430 1574 1473 causam
1589 1405 1623 1471 ιἰι
1640 1403 1781 1470 dubium

199 1537 318 1580 vocare
344 1511 494 1594 velimus,
527 1511 620 1602 quod
639 1511 735 1577 nullo
759 1511 830 1578 cius
856 1513 952 1601 apud
972 1512 1155 1579 Homerum
1178 1515 1302 1581 mentio
1328 1524 1396 1595 est,
1425 1536 1543 1580 vereor
1564 1535 1607 1578 ne
1629 1509 1702 1601 quis
1726 1533 1780 1576 se·

197 1618 335 1711 quentia
358 1614 444 1711 πρός
466 1624 632 1711 γεωργίαν
657 1615 877 1712 Χερσονήσου
899 1616 1104 1712 τραπόμενοι
1127 1618 1244 1686 codem
1267 1620 1341 1686 iure
1359 1620 1474 1708 possit
1493 1620 1528 1684 ίπ
1551 1615 1780 1705 suspicionem

198 1725 401 1792 adducere.“
447 1727 543 1790 Aliud
567 1737 615 1789 est
638 1728 719 1789 enim
744 1747 818 1788 casu
842 1747 879 1789 ac
903 1725 1034 1791 iortuito
1059 1726 1177 1812 aliquid
1200 1732 1389 1812 praeterire,
1417 1724 1502 1790 aliud
1520 1724 1668 1789 consulto
1684 1745 1720 1787 ac
1738 1723 1782 1787 de

197 1831 353 1897 industria
378 1835 532 1898 omittere.
580 1825 856 1917 Quemadmodum
880 1832 923 1896 ob
948 1844 1139 1897 commeatus
1162 1836 1300 1920 inopiam
1325 1836 1397 1929 (τῆς
1419 1829 1548 1926 τροφῆς
1570 1827 1713 1920 ἀπορίᾳ)
1740 1826 1782 1891 ad

197 1938 365 2002 latrocinia
394 1960 429 2001 se
458 1949 682 2002 converterunt
705 1939 837 2016 Achaei,
867 1939 955 2022 quod
984 1961 1059 2002 saue
1082 1961 1152 2002 cum
1175 1939 1374 2005 auditoribus
1398 1942 1462 2002 suis
1487 1941 1660 2013 Homerus,
1690 1935 1780 1998 cuius

197 2046 261 2108 boc
276 2044 315 2106 ab
333 2043 393 2107 illis
409 2048 481 2108 sciri
497 2046 627 2110 multum
645 2049 818 2121 interesset,
842 2047 1074 2108 cummunicare
1090 2054 1121 2107 et
1137 2044 1238 2109 voluit
1253 2056 1285 2108 et
1300 2043 1410 2108 debuit
1434 2044 1484 2126 (ll.
1501 2071 1533 2111 α.
1550 2067 1579 2107 v.
1594 2045 1781 2112 163-171.

198 2180 220 2217 ι.
232 2174 261 2214 v.
276 2155 341 2219 398
355 2171 421 2241 sqq.
440 2148 504 2214 Od.
517 2177 545 2237 y.
560 2174 589 2214 v.
605 2154 762 2232 105-6);
779 2153 820 2212 ita
833 2149 964 2213 eandem
982 2148 1023 2213 ob
1041 2172 1181 2216 caussam
1198 2173 1304 2237 agrum
1318 2150 1513 2217 Chersonesi
1529 2152 1672 2236 proxime
1688 2149 1783 2210 situm

199 2256 238 2319 ab
256 2253 389 2319 Achaeis
406 2254 525 2318 cultum
542 2255 646 2334 luisse,
670 2276 735 2341 quo
758 2254 830 2339 plus
855 2266 979 2319 centiam
1003 2255 1129 2320 milibus
1152 2257 1312 2321 homiuum
1336 2280 1395 2343 per
1419 2256 1530 2320 decern
1553 2275 1655 2318 annos
1678 2255 1783 2315 victus

199 2361 404 2448 quotidianus
429 2361 644 2446 praeberetur,
669 2365 727 2424 etsi
750 2382 816 2425 non
840 2374 1110 2440 commemoratur,
1133 2384 1250 2447 perse
1275 2366 1480 2428 certissimum
1504 2371 1567 2435 est;
1590 2381 1664 2423 casu
1687 2360 1784 2444 igitur

197 2467 277 2532 illud
301 2471 548 2552 praetermisisse
569 2477 665 2552 poeta
682 2465 842 2551 putandus
859 2475 915 2530 est.
950 2467 1062 2551 ltaque
1078 2489 1094 2529 a
1112 2467 1280 2546 scholiasta
1291 2473 1390 2546 ,etiarn
1408 2467 1504 2531 duces
1522 2465 1648 2550 quidam
1663 2487 1787 2543 eorum,

197 2576 253 2666 qui
276 2578 356 2658 agris
380 2572 523 2637 colendis
548 2595 678 2658 operam
701 2571 862 2649 dederint,
891 2582 1003 2635 nostro
1028 2572 1100 2637 loco
1124 2576 1342 2650 nominantur,
1372 2571 1487 2657 quibus
1511 2582 1592 2635 teste
1617 2570 1785 2635 Eustathio

198 2679 237 2743 ad
261 2681 338 2742 lla.
363 2685 431 2742 v.4
455 2683 584 2757 (p.387
603 2677 653 2736 ed.
672 2678 765 2738 Basil.
798 2700 827 2756 p.
852 2677 1126 2756 masalman.)
1158 2682 1250 2741 etiam
1279 2678 1456 2742 Diomedes
1485 2676 1654 2741 addendus
1682 2676 1786 2758 cst³).

199 2782 263 2848 Sed
292 2783 385 2844 huius
419 2780 617 2854 munimenti,
651 2776 739 2860 quod
771 2777 822 2837 hic
853 2779 886 2837 in
918 2782 1167 2845 controversiam
1197 2791 1345 2859 vocatur,
1379 2802 1510 2866 prorsus
1538 2779 1596 2843 alia
1621 2791 1668 2844 est
1691 2784 1787 2846 ratio.

198 2891 270 2954 Neo
293 2899 395 2950 tamen
419 2881 498 2946 illud
522 2879 699 2965 urgendum
723 2901 850 2957 censeo,
874 2878 961 2969 quod
986 2884 1128 2968 quisquis
1153 2907 1190 2950 ex
1212 2885 1354 2971 Cyclicis
1376 2889 1482 2973 poetis
1500 2885 1622 2972 Cypria
1648 2889 1789 2950 carmina

199 2997 338 3078 scripsit,
368 2993 434 3052 sive
463 2993 489 3052 is
513 2988 657 3053 Stasiuus
687 2989 753 3050 sive
777 2987 926 3070 Hegesias
958 2987 1015 3051 luit
1046 2993 1142 3077 (quin
1167 2995 1258 3055 etiam
1282 2995 1350 3079 ipse
1374 2996 1547 3071 Homerus,
1578 2991 1634 3056 etsi
1658 2994 1786 3071 iniuria,

200 3111 309 3164 auctor
340 3094 555 3177 nominatur),
585 3092 662 3156 nihil
691 3092 731 3157 dc
759 3094 819 3154 ista
844 3092 1038 3157 Graecarum
1062 3102 1188 3164 navium
1211 3103 1387 3164 munitione
1410 3101 1605 3183 comperisse
1628 3097 1786 3175 videatur,

201 3227 294 3290 quam
324 3201 364 3265 de
392 3198 609 3288 oppugnando
635 3198 693 3262 llio
722 3218 816 3280 agens
846 3219 913 3261 non
939 3200 1032 3284 plane
1063 3205 1235 3266 omissurus
1259 3204 1352 3267 suerit
1363 3204 1399 3286 ⁴).
1447 3206 1511 3290 lpsi
1535 3203 1617 3267 adeo
1640 3206 1785 3267 Homero

200 3311 277 3375 nihil
301 3306 456 3372 eiusmodi
481 3307 587 3389 operis
610 3305 788 3367 innotuisse
812 3325 850 3366 ex
874 3303 1014 3387 plurimis
1039 3304 1146 3370 Iliadis
1171 3308 1250 3372 locis
1273 3309 1440 3374 manilesto
1464 3313 1664 3395 perspicitur.
1702 3311 1786 3374 Nam

200 3419 335 3504 primum
359 3424 389 3475 et
413 3413 594 3488 aNestore,
619 3413 673 3495 qui
695 3421 769 3495 post
792 3411 921 3494 primam
945 3431 1080 3495 pugnarn
1097 3409 1220 3477 decimo
1236 3413 1312 3478 belli
1330 3413 1464 3480 Troiani
1481 3438 1567 3480 anno
1586 3417 1785 3480 commissam

201 3524 465 3585 munimentorum
489 3516 752 3581 exstruendorum
776 3526 886 3580 auctor
902 3516 968 3595 luit,
991 3516 1069 3579 baec
1085 3517 1218 3582 affertur
1234 3543 1351 3599 caussa,
1376 3532 1410 3586 ut
1426 3533 1490 3586 tum
1508 3522 1785 3610 propugnaculum

207 3719 413 3730 ...Ψ-

229 3822 256 3890 ¹)
275 3816 519 3892 Beschreibuug
538 3815 595 3871 der
611 3814 721 3870 Ehene
739 3834 800 3870 von
819 3811 916 3888 Troja
934 3835 986 3871 von
1004 3813 1184 3885 Lechevalier‚
1203 3818 1234 3874 ad
1253 3840 1279 3898 p.
1294 3822 1355 3876 268.
1374 3829 1430 3876 not.
1450 3819 1467 3875 l.

228 3912 256 3978 ²)
274 3905 481 3962 Observationes
500 3907 602 3960 criticae
620 3905 646 3958 in
664 3901 797 3959 Hellenica
815 3907 897 3980 pas.

227 4001 254 4067 ⁸)
273 3996 308 4050 rel
326 3995 376 4067 γάρ
394 3993 448 4068 πρὸ
466 3993 561 4051 τούτου
581 3994 747 4048 ἕπεσιιστεῖτσ
764 3989 823 4049 οἷον
842 3990 892 4047 tut
910 3990 960 4062 τῆσ
977 3991 1122 4065 Ἀχιλλέως
1139 3995 1246 4071 α’ρετῆε,
1266 3997 1340 4068 duni
1352 3998 1423 4054 dion
1438 4000 1467 4053 ἐν
1478 3999 1517 4068 τῷ
1536 3999 1676 4071 φθάσαντι
1695 3999 1785 4070 χρόνῳ

274 4083 331 4153 τὴν
349 4081 480 4155 θρόνον
498 4079 667 4153 ἐγεώργει,
688 4075 723 4134 o‘is
740 4099 810 4136 τινες
828 4079 973 4153 ἱστοροῦσι,
992 4095 1037 4140 καὶ
1055 4083 1102 4143 σόν
1121 4081 1153 4155 ἦν
1171 4085 1364 4158 ἕμφιλσχωρῶν
1381 4085 1421 4155 τῷ
1438 4087 1554 4159 πολέμῳ,
1582 4087 1718 4144 Praeterea
1729 4087 1784 4144 vid.

274 4169 356 4228 schol.
376 4167 445 4224 Vter.
465 4168 534 4246 apud
554 4167 632 4222 bella.
654 4165 686 4222 ad
705 4163 732 4221 ll.
752 4191 773 4222 ε.
792 4188 817 4224 v.
829 4172 854 4222 2.
1591 4187 1595 4194 ’

228 4266 255 4333 ⁴)
275 4260 317 4321 Cf,
336 4278 402 4334 quae
421 4256 453 4312 ad
471 4256 507 4312 lo.
521 4253 630 4312 Tzetzae
642 4255 739 4310 Auteb.
757 4252 834 4312 Hom.
854 4266 881 4311 et
899 4256 1034 4318 Posthom.
1055 4282 1088 4318 ex
1106 4282 1157 4317 ree.
1176 4261 1195 4316 l.
1206 4261 1319 4317 Belrlreri
1338 4282 1352 4316 e
1371 4261 1456 4318 Procli
1470 4263 1680 4322 Chrestomatbia
1699 4286 1725 4340 p.
1738 4263 1786 4323 IX.

274 4348 349 4405 allata
368 4356 443 4402 sunt:
466 4345 581 4401 ’Ἔπειτα
602 4343 800 4416 σῖπσβαίνσνταε
818 4343 912 4402 adroic
931 4346 969 4404 sis
980 4346 1070 4405 Ἴλιον
1089 4349 1224 4424 ιε’-ργσυσιν
1242 4351 1272 4408 οἱ
1290 4353 1392 4421 Τρσῖεε,
1417 4362 1461 4408 καὶ
1484 4355 1550 4426 θνή
1557 4377 1626 4411 σιει
1643 4359 1676 4407 Π
1678 4375 1786 4425 ρωτε-

276 4445 311 4494 σι’
315 4439 395 4493 λοσε
413 4434 461 4507 ὑφ’
472 4430 640 4502 Ἕκτορος.
670 4430 790 4489 ’Ἔπειτα
808 4430 946 4501 'Alei-leda
965 4434 1056 4492 αιῗτοόε
1074 4446 1201 4509 τρέπεται
1219 4437 1321 4495 deside
1339 4447 1443 4497 Κύκνον
1461 4442 1511 4497 τόν
1531 4441 1715 4499 Ποσειδῶνος·
1740 4453 1786 4499 καὶ

274 4528 333 4583 τοὺς
354 4525 461 4598 νεκρσόε
484 4521 658 4595 ἀναιροῦνται
682 4528 725 4574 καὶ
749 4521 995 4594 ὅιαπρεσβεόσνται
1018 4526 1089 4597 πρός
1113 4524 1171 4584 corle
1196 4528 1301 4598 Τρσῖαε,
1324 4525 1374 4600 τήν
1395 4529 1509 4600 Ἑλένην
1532 4539 1576 4584 καὶ
1599 4529 1633 4585 τό
1659 4528 1784 4600 κτήματα

276 4614 458 4672 ἀπαιτοῦντες.
482 4609 517 4667 oie
541 4610 570 4670 δι’
593 4606 639 4678 σόχ
663 4605 816 4676 ὑπήκουσαν
840 4610 953 4681 ἐκεῖνοι,
981 4615 1102 4670 ἐνταῦθα
1128 4614 1161 4685 δή
1184 4619 1447 4690 τειχομαχοῦσιν.
1477 4622 1570 4674 ἔπειτα
1592 4619 1652 4688 τήν
1675 4619 1785 4692 χώραν

276 4700 527 4769 ἐπεξελθόντες
544 4696 712 4772 πορθοῦσι
730 4706 775 4753 καὶ
792 4700 840 4754 ται
858 4707 1010 4772 περιοίκους
1027 4700 1128 4758 πόλεις.
