3952 5648
974 265 1002 351 b

910 386 1063 395 ---———-

198 483 380 585 Λακωνική
414 489 591 576 πίμπτον
623 483 684 578 τῆς
712 485 809 580 ὅλης
841 486 1116 585 Πελοποννήσου.
1172 489 1309 552 Totius
1341 491 1422 552 enim
1455 491 1668 577 Peloponnesi
1699 513 1772 578 pars

198 599 305 682 quinta
328 597 414 659 nulla
439 595 496 658 alia
519 598 643 659 ratione
665 597 822 659 Laconice
847 592 908 657 dici
930 607 1044 680 potest,
1068 615 1159 680 quam
1177 595 1335 658 Messenia
1358 618 1427 658 cum
1445 597 1601 663 Laconice
1624 604 1657 663 in
1680 620 1773 663 unam

196 705 392 788 provinciam
416 704 595 775 coniuncta3
620 723 701 787 quae
725 703 881 766 sententia
905 700 990 787 apud
1007 703 1179 764 Homerum
1202 712 1286 765 certe
1303 712 1387 765 extra
1404 724 1526 766 omnem
1544 710 1658 768 erroris
1675 691 1773 767 aleam

196 811 303 894 posita
327 818 381 886 est,
405 807 560 892 siquidem
584 828 661 892 quas
685 817 803 891 septem
827 807 924 872 urbes
945 806 1058 871 Achilli
1083 807 1189 870 dotem
1214 810 1357 893 promisit
1375 798 1586 892 Agamemnon
1610 813 1720 892 (Hom.
1736 807 1772 873 ll.

196 944 217 982 ι.
236 939 265 980 v.
285 920 447 1006 ltusqq.)
473 935 582 977 omnes
605 915 636 975 in
659 914 819 976 Messenia
841 917 915 977 sitas
939 914 1036 977 luisse
1061 924 1185 977 constat
1219 920 1232 993 (
1241 913 1344 978 Strab.
1367 914 1462 991 Vlll,
1486 938 1511 978 c.
1527 923 1557 993 4,
1580 915 1644 998 §L
1682 917 1772 978 Man-

195 1032 277 1085 nert.
301 1022 336 1085 T.
353 1026 383 1098 8,
406 1043 436 1105 p.
455 1026 515 1090 531
531 1025 604 1105 sq.);
628 1019 735 1082 eadem
759 1029 863 1083 tamen
887 1018 1121 1104 aThucydidis
1145 1029 1259 1100 mente,
1283 1023 1308 1082 si
1333 1020 1372 1082 de
1388 1020 1545 1084 Messenia
1570 1032 1600 1084 et
1617 1023 1773 1085 Laconice

195 1136 353 1213 tamquam
377 1126 459 1190 duae
483 1127 614 1190 luissent
632 1127 848 1212 Peloponnesi
871 1135 975 1209 partes
991 1124 1185 1210 loqueretur,
1209 1125 1305 1210 plane
1322 1124 1513 1189 abhorreret.
1553 1128 1773 1190 Verumenim·

84 1254 92 1264 ⁸
195 1255 273 1298 vero
295 1235 477 1298 historicum
493 1242 634 1296 nostrum
652 1253 712 1317 pro
730 1252 786 1294 sua
801 1231 956 1316 loquendi
972 1230 1213 1308 consuetudine,
1237 1255 1306 1295 cum
1321 1227 1383 1307 τάς
1399 1227 1460 1299 δύο
1474 1235 1599 1324 μοίρας
1614 1235 1775 1319 νέμονται

196 1340 320 1418 scribit,
347 1362 388 1404 ne
415 1341 563 1425 potuisse>
586 1337 713 1423 quidem
742 1336 782 1401 de
811 1336 935 1402 duabus
958 1339 1043 1401 hisce
1066 1337 1282 1422 Peloponnesi
1304 1337 1449 1423 partibus
1473 1342 1623 1422 cogitare,
1651 1337 1773 1423 liquido

197 1444 423 1510 contenderim.
469 1445 551 1509 Nam
575 1454 609 1507 ut
632 1443 718 1507 nulla
741 1445 919 1528 investigari
942 1453 1049 1528 potest
1074 1464 1183 1506 caussa
1207 1445 1281 1505 satis
1305 1441 1436 1520 idonea,
1466 1464 1522 1505 cur
1546 1446 1680 1506 Arcadia
1703 1465 1773 1506 cum

196 1550 290 1615 Elide
312 1554 344 1613 in
368 1573 461 1614 unam
486 1548 772 1634 comprehendatur
794 1549 999 1634 provinciam,
1023 1553 1066 1612 ita
1088 1546 1288 1633 gravissimae
1311 1548 1519 1635 reperiuntur,
1544 1571 1624 1633 quae
1640 1551 1773 1614 Laconi-

197 1678 255 1719 cen
280 1659 368 1720 etiam
392 1657 583 1719 llllesseniam
606 1653 798 1739 complexam
823 1676 893 1718 esse
917 1651 1142 1719 demonstrent.
1188 1655 1325 1718 Primum
1349 1658 1430 1718 enim
1454 1655 1493 1717 ab
1518 1655 1665 1719 omnibus
1688 1655 1771 1718 illius

195 1765 347 1848 temporis
371 1763 537 1839 historicis,
561 1760 740 1839 Herodoto,
764 1758 963 1844 Thucydide,
987 1761 1210 1846 Xenophonte,
1236 1763 1359 1846 saepius
1383 1759 1453 1824 loca
1477 1763 1508 1822 in
1533 1762 1692 1824 Messenia
1716 1762 1775 1822 sita

195 1869 374 1932 Laconicae
403 1867 601 1944 tribuuntur,
637 1868 726 1928 cuius
754 1867 803 1929 rei
826 1866 1005 1951 quaemihi
1028 1865 1169 1951 exempla
1193 1866 1286 1929 obvia
1311 1874 1398 1942 suut,
1429 1865 1546 1929 iamin
1569 1866 1674 1930 medio
1699 1886 1774 1951 pro-

194 1979 325 2059 ponam:
360 1973 481 2039 Herod.
503 1973 598 2049 Vlll,
620 1993 645 2034 c.
665 1977 720 2040 73:
755 1967 923 2064 Δρυόπων
951 1969 998 2049 δδ,
1019 1967 1185 2064 Ἑρμιόνη
1208 1999 1244 2038 τε
1266 1972 1325 2038 καὶ
1347 1966 1465 2060 Ἀσίνη
1489 1971 1509 2064 ἡ
1531 1966 1634 2064 πρός
1657 1973 1774 2063 Καρ-

194 2075 357 2168 δαμύλη
379 2077 426 2171 τῇ
449 2073 673 2168 Λακωνικῇ.
711 2077 905 2163 Cardamyle
928 2087 1031 2142 autem
1053 2100 1115 2142 una
1132 2088 1179 2141 est
1196 2100 1213 2141 e
1229 2087 1349 2162 septem
1366 2077 1427 2139 illis
1445 2078 1622 2141 Messeniae
1638 2074 1774 2162 oppidis,

195 2184 236 2249 de
259 2184 375 2269 quibus
398 2185 495 2249 modo
520 2185 637 2252 dictum
663 2194 710 2246 est
725 2186 758 2262 ¹).
806 2183 893 2264 Idem
917 2183 997 2263 Vll,
1023 2207 1049 2248 c.
1073 2188 1150 2253 168:
1184 2179 1299 2269 Μόμς
1321 2181 1360 2250 δὲ
1381 2179 1596 2270 α’ναχδίντες
1621 2188 1672 2263 (ot
1685 2183 1775 2272 Κερ-

195 2296 357 2383 κυραῒοι),
381 2292 587 2387 προςίμιξαν
604 2288 646 2381 τῇ
664 2286 926 2383 Πελοποννήσῳ,
949 2292 1007 2357 καὶ
1028 2290 1118 2382 περὶ
1137 2287 1277 2355 Πάλον
1298 2289 1368 2355 καὶ
1391 2292 1601 2381 Ταίναρον
1622 2287 1672 2376 γῆ
1678 2313 1695 2362 ς
1709 2283 1774 2377 τῆς

193 2397 540 2483 Λακεδαιμονίαν
563 2393 780 2484 ἀνεκώχευον
802 2394 863 2472 τάς
886 2396 977 2472 νεάς.
1025 2393 1169 2479 Thucyd.
1188 2395 1226 2472 Il,
1250 2399 1347 2463 c.25:
1378 2394 1426 2460 Οἱ
1445 2390 1473 2461 δ’
1496 2395 1534 2462 ἕν
1556 2402 1633 2471 ταῖς
1654 2386 1775 2462 ἐκατδν

194 2503 293 2570 ναυσὶ
314 2506 387 2596 περὶ
405 2500 675 2592 Πελοπόννησον
695 2502 885 2592 Ἀθηναῖοι
900 2539 944 2552 -
959 2500 1048 2570 άλλα
1070 2528 1106 2567 τε
1128 2493 1270 2567 ἐκάκουν
1293 2500 1534 2593 περιπλέοντες,
1558 2502 1616 2568 καλ
1639 2503 1672 2577 ἒς
1694 2503 1774 2567 Me·

194 2604 335 2700 θώνην
357 2609 427 2699 τῆς
449 2608 691 2702 Λακωνικῆς
713 2605 917 2697 ἀποβάντες,
939 2607 987 2696 τῷ
1001 2613 1104 2696 τείχει
1121 2605 1341 2697 προςίβαλον
1357 2602 1432 2674 ὄντι
1446 2605 1597 2674 άοδενεῖ.
1626 2606 1681 2683 IV,
1698 2628 1724 2671 c.
1741 2607 1782 2674 3:¹

196 2709 268 2777 Καὶ
291 2709 334 2784 ὠς
356 2712 511 2797 ἐγίνοντο
534 2715 691 2788 πλεόντές
712 2711 816 2780 κατά
837 2711 910 2802 τήν
932 2710 1176 2800 Λακωνικήν
1192 2751 1233 2761 -
1250 2711 1270 2776 o‘
1285 2713 1512 2796 Δημοσθένης
1533 2714 1573 2781 ἐς
1595 2707 1643 2797 τη
1650 2738 1671 2774 ν
1693 2705 1773 2776 Πά-

196 2825 271 2883 λον
293 2813 427 2904 πρῶτον
450 2815 584 2880 ε’κίλευε
607 2812 755 2900 σχόντας
775 2808 917 2897 αὐτούς,
942 2814 1000 2879 καλ
1023 2806 1219 2902 πράξαντας
1241 2807 1266 2878 ά
1289 2815 1356 2889 δεῖ,
1378 2804 1438 2878 τδν
1460 2810 1572 2879 πλοῦν
1593 2817 1775 2881 ποιεῖσθαι.

195 2918 306 2984 eadem
335 2917 429 3001 plane
456 2921 580 2981 ratione
609 2941 670 3003 qua
699 2940 793 3003 supra
824 2918 909 3005 apud
940 2917 1141 2981 Herodotum
1171 2916 1248 2992 Vll,
1281 2922 1352 2987 168.
1391 2918 1537 3001 Xenoph.
1560 2919 1686 2983 Hellen.
1716 2918 1773 2999 Vl,

195 3049 220 3091 c.
237 3032 267 3101 2,
290 3024 380 3108 §192
418 3023 508 3115 Περὶ
536 3020 575 3089 δέ
600 3017 662 3089 τόν
686 3027 892 3090 Μνασίππου
921 3019 1080 3090 θάνατον
1107 3017 1296 3109 ἐτύγχανεν
1323 3019 1372 3090 ala
1401 3023 1440 3102 (ὁ
1461 3020 1677 3117 Ἰφικράτης)
1707 3024 1774 3121 τῆς

194 3129 442 3217 Λακωνικῆς
464 3129 555 3220 περὶ
578 3124 649 3204 τάς
677 3129 912 3224 Σφαγεἀς“).
959 3131 1038 3193 Tum
1062 3151 1138 3193 vero
1164 3127 1280 3191 diserte
1303 3150 1320 3190 a
1344 3131 1500 3213 scriptore
1524 3142 1634 3195 nostro
1655 3133 1775 3197 lllesse-

194 3241 264 3301 niae
291 3240 334 3300 ita
363 3245 482 3298 tantum
509 3238 629 3298 mentio
658 3234 708 3312 fit,
738 3246 894 3319 tamquam
922 3257 1002 3320 quae
1031 3235 1092 3297 illis
1120 3233 1316 3319 temporibus
1338 3236 1397 3296 iam
1423 3257 1487 3299 uon
1512 3236 1644 3320 amplius
1667 3238 1773 3318 fuerit,

193 3355 229 3408 ut
253 3345 315 3419 IV,
346 3365 371 3404 c.
393 3346 448 3410 tl:
483 3342 542 3407 καὶ
571 3344 609 3408 οἱ
632 3341 669 3408 ἕκ
692 3342 749 3434 τῆς
773 3336 988 3409 Ναυπάκτου
1012 3337 1208 3430 Μεσσήνιοι,
1232 3338 1277 3414 αἱς
1299 3341 1334 3414 ἐς
1355 3344 1501 3432 πατρίδα
1521 3337 1648 3435 ταύτην
1671 3345 1774 3424 (ἔστι

194 3445 272 3542 γάρ
294 3443 467 3544 ἠΠάλος
488 3445 556 3538 τῆς
579 3449 836 3541 Μεσσηνίδος
857 3444 958 3514 ποτί
978 3443 1098 3534 οὔσης
1120 3443 1210 3534 γῆς)
1233 3446 1432 3535 πέμψαντες
1452 3444 1547 3538 σφῶν
1566 3443 1681 3515 αὐτῶν
1695 3446 1774 3527 τοδς

193 3549 500 3647 ἐπιτηδειοτάτους,
523 3547 678 3645 ἕλὴϊζόν
699 3579 741 3619 τε
762 3547 833 3648 την
855 3546 1103 3647 Λακωνικήν
1124 3552 1181 3618 καὶ
1203 3557 1339 3619 πλεῖστα
1354 3555 1537 3639 ἔβλαπτον,
1560 3549 1774 3647 ὁμόφωνοι

126 3682 128 3687 ⁴
193 3658 297 3737 ὄντες.
343 3660 402 3733 IV,
426 3679 450 3721 c.
467 3662 502 3727 3:
525 3653 643 3747 άπίχει
664 3652 732 3750 γάρ
754 3662 913 3734 σταδίους
935 3654 1083 3744 μάλιστα
1105 3687 1126 3752 η
1144 3655 1262 3734 Πύλος
1277 3655 1335 3751 τῆς
1356 3655 1514 3754 Σπάρτης
1528 3666 1773 3753 τετρακοσίους,

194 3769 253 3835 καὶ
275 3768 362 3833 ἔστιν
384 3764 430 3831 ἐν
452 3760 501 3851 τῇ
523 3766 734 3853 Μεσσηνίᾳ
756 3762 852 3832 ποτεΙ
873 3761 974 3857 οὔση
998 3766 1046 3858 γῇ
1066 3791 1095 3832 κ.
1112 3793 1139 3831 τ.
1155 3770 1186 3830 λ.
1224 3763 1362 3848 Quodsi,
1386 3787 1467 3849 quae
1490 3765 1586 3829 modo
1613 3765 1774 3852 disputata

194 3882 275 3949 sunt,
299 3893 372 3935 vera
397 3892 468 3933 esse
492 3868 713 3946 concedamus,
738 3893 808 3934 cum
831 3876 891 3933 iam
914 3893 972 3955 per
994 3871 1073 3935 haec
1096 3870 1194 3934 verba
1217 3865 1277 3946 τάς
1301 3864 1360 3936 δύο
1382 3874 1507 3964 μοίρας
1522 3871 1691 3957 significari
1707 3898 1773 3940 non

193 4000 290 4065 posse
318 3978 498 4061 provincias
523 3977 703 4039 Laconicen
733 3998 769 4038 ac
793 3977 984 4038 Messeniam
1007 3977 1204 4040 manifestum
1228 3979 1280 4052 sit,
1309 3997 1349 4039 ne
1373 3976 1445 4039 illae
1469 3975 1594 4060 quidem
1619 4001 1700 4063 quae
1723 3983 1773 4045 hic

192 4093 406 4150 memorantur
429 4086 570 4167 quinque
592 4091 699 4165 partes
722 4080 761 4144 ad
777 4083 992 4166 Peloponnesi
1014 4085 1194 4166 provincias
1218 4082 1331 4146 referri
1354 4093 1482 4166 queunt.
1521 4083 1613 4169 Quae
1637 4108 1707 4150 cum
1729 4091 1771 4150 ita

194 4196 264 4269 sint,
287 4188 365 4254 nihil
388 4188 473 4253 aliud
498 4187 635 4270 relinqui
658 4187 792 4266 videtur,
814 4188 877 4251 nisi
900 4199 934 4251 ut
957 4188 1041 4250 illam
1064 4188 1313 4273 explicationem,
1337 4208 1430 4271 quarn
1445 4187 1638 4253 Bredowius
1654 4195 1772 4275 primus

194 4297 366 4381 proposuit
390 4315 547 4379 quamque
571 4296 662 4357 etiam
688 4288 848 4358 Haackius
874 4304 904 4358 et
928 4297 1111 4379 Kruegerus
1134 4301 1165 4356 in
1190 4315 1266 4357 suos
1290 4313 1366 4355 usus
1389 4304 1632 4373 converterunt,
1655 4299 1772 4381 ample-

195 4413 321 4478 ctamur,
347 4422 408 4484 qua
432 4399 589 4463 hocloco
613 4420 680 4462 non
704 4399 744 4463 de
767 4401 898 4484 politica
923 4399 1057 4485 quadam
1074 4399 1292 4484 Peloponnesi
1316 4396 1531 4483 descriptione
1556 4423 1591 4463 ac
1614 4400 1771 4470 divisione

221 4581 246 4647 ¹)
265 4573 306 4631 Cf.
325 4574 412 4632 Strab.
431 4571 448 4628 l.
467 4592 489 4629 c.
509 4571 660 4649 ibidemque
679 4576 693 4645 ξ
712 4577 737 4630 5.
757 4583 823 4630 extr.
842 4571 969 4632 lllannert.
987 4577 1012 4641 8,
1030 4595 1056 4650 p.
1070 4579 1121 4631 557
1140 4591 1182 4648 sq.

220 4669 247 4736 ²)
266 4661 330 4736 [τες.
347 4667 480 4736 Σφαγίας,
500 4661 518 4716 i.
532 4679 555 4715 c.
573 4667 760 4733 Σφακτηρίαν,
785 4662 897 4718 insulam
915 4682 1000 4739 prope
1018 4661 1128 4738 Pylum,
1151 4681 1166 4716 e
1184 4661 1291 4734 regione
1308 4658 1466 4726 Messeniae,
1489 4663 1573 4718 sitam.
1610 4662 1695 4722 Strab.
1714 4665 1731 4722 l.
1750 4689 1773 4728 c.

263 4756 318 4825 θλ.
341 4748 379 4803 lta
399 4754 475 4806 etiam
493 4748 643 4813 difficultas,
662 4769 740 4825 quarn
755 4750 844 4808 lllorus
862 4771 892 4808 se
911 4752 1015 4809 solvere
1033 4772 1085 4808 non
1103 4770 1184 4828 posse
1203 4749 1298 4806 latetur
1317 4750 1447 4820 (Examen
1465 4751 1636 4824 quorumdam
1654 4753 1772 4814 locorum

262 4837 330 4896 Hist.
350 4836 396 4894 Gr.
413 4837 534 4916 Xenoph.
552 4858 578 4915 p.
594 4835 694 4912 XLV.)
711 4838 785 4896 facile
803 4841 912 4899 tollitur.
