3952 5648
904 207 1061 339 „u

195 447 335 502 'veterum
359 432 443 498 haud
466 435 558 519 pauci
582 432 814 519 Thucydidem,
838 453 908 496 cum
933 428 1092 495 Herodoti
1114 429 1323 516 praelectioni
1345 431 1530 510 interfuerit,
1554 443 1585 496 et
1607 434 1710 517 ipsum
1732 431 1774 498 ad

196 543 368 607 litterarum
397 541 504 606 studia
533 544 694 604 incitatum
724 538 852 602 tradunt
864 539 899 622 ¹).
946 536 984 601 ld
1014 539 1095 602 eninr
1119 538 1159 601 ab
1183 537 1329 603 omnibus
1353 537 1414 600 illis
1437 541 1554 622 pariter
1576 538 1651 602 ficta
1675 561 1712 603 ac
1734 540 1774 603 si-

194 649 308 713 mulata
333 671 403 712 esse
426 648 466 710 ad
490 649 610 710 animos
633 650 789 710 iuvenum.
806 647 897 709 simili
922 643 1130 708 aemulatione
1152 643 1401 721 inflammandos,
1425 647 1477 706 cui
1499 644 1625 709 tandem
1648 644 1773 711 Bredo·

195 755 316 834 rrius²)
341 765 373 818 et
398 753 554 838 Popp0³)
578 751 806 838 persuadeant?
852 750 982 835 Quodsi
1004 749 1275 814 nemini-dubium
1298 753 1351 827 sit,
1379 752 1455 834 quin
1479 751 1679 831 Herodotus,
1709 773 1774 842 quo

193 864 290 946 magis
314 863 417 925 omnia
441 859 569 923 baberet
592 859 755 944 explorata
779 867 809 922 et
831 868 1010 943 perspecta,
1037 876 1104 920 non
1126 855 1223 920 modo
1247 859 1279 920 in
1302 855 1407 920 multis
1431 852 1679 923 aliis'Graeciae
1700 881 1775 944 par·

195 966 295 1043 tibus,
328 965 385 1030 sed
410 967 541 1031 Athenis
572 969 760 1051 praecipue,
791 985 922 1054 quarum
954 962 1051 1027 rebus
1085 965 1170 1025 omni
1198 960 1292 1026 laude
1323 962 1492 1027 efferendis
1519 966 1679 1027 maximam
1703 986 1774 1029 eum

196 1094 325 1158 operam
354 1094 491 1137 navasse
516 1077 644 1150 scimus,
673 1071 866 1155 aliquantum
895 1072 1046 1152 temporis
1070 1081 1282 1133 commoratus
1305 1072 1360 1145 sit,
1388 1090 1497 1133 noune
1519 1069 1776 1135 verisimillimum

196 1189 259 1254 est,
289 1183 372 1242 inter
394 1177 615 1262 Thucydidem
646 1179 705 1239 iam
737 1188 886 1239 atenera
910 1175 993 1238 baud
1019 1173 1115 1238 dubie
1137 1185 1239 1238 aetate
1262 1175 1461 1239 historiarum
1486 1176 1656 1240 dulcedine
1680 1187 1776 1261 atque

194 1284 354 1349 illecebris
379 1296 501 1369 captum
526 1295 556 1346 et
578 1282 781 1346 Herodotum
805 1303 896 1344 usum
921 1281 1079 1364 que'ndarn
1102 1305 1139 1345 ac
1161 1281 1398 1346 familiaritatem
1421 1279 1655 1346 intercessisse?
1678 1279 1776 1367 idque

196 1392 304 1463 Photii
335 1394 472 1456 auctoris
502 1388 587 1451 haud
618 1387 844 1452 contemnendi
872 1387 979 1452 verbis
1008 1387 1111 1473 colligi
1130 1397 1251 1473 potest
1275 1386 1366 1468 (cod.
1388 1393 1465 1469 60):
1496 1387 1629 1474 λέγεται
1650 1385 1775 1475 α’νοιγι.

193 1497 430 1591 γνωσκομόνρς
446 1492 504 1586 τῆς
519 1497 668 1587 ἱστορίας
682 1489 806 1588 κομιδῇ
822 1493 902 1562 νεόν
917 1488 1002 1561 ὄντα
1016 1487 1125 1586 nupsi
1141 1491 1192 1582 aqi
1214 1493 1332 1585 πατρὶ
1352 1496 1567 1586 Θουκυδίδην
1583 1490 1730 1562 ἀκοῦσαι
1738 1495 1775 1577 ⁴).

197 1605 329 1670 Accedit
359 1601 446 1689 quod
471 1600 674 1678 Herodotus,
704 1607 887 1688 priusquam
917 1623 987 1664 cum
1012 1600 1249 1665 Atheniensium
1273 1601 1395 1663 colonis
1419 1601 1556 1663 Thurios
1581 1598 1776 1685 demigraret,

197 1710 328 1774 Athenis
345 1711 438 1772 etiarn
457 1708 749 1772 Panathenaeorum
770 1706 979 1771 sollemnibus
1003 1706 1104 1771 libros
1126 1728 1203 1770 suos
1227 1708 1375 1769 recitasse
1398 1705 1546 1790 (Olyrnp.
1563 1709 1637 1782 833
1652 1731 1696 1766 =
1710 1710 1776 1776 tlt

197 1838 224 1881 a.
243 1815 334 1891 Chr.)
359 1813 497 1898 ideoque
521 1817 553 1877 in
573 1835 694 1877 summo
712 1813 808 1876 fuisse
823 1813 947 1877 honore
964 1813 1079 1877 dicitur
1094 1811 1180 1898 apud
1197 1810 1412 1894 Eusebium⁶).
1448 1810 1508 1876 lllo
1525 1821 1609 1874 certe
1625 1823 1776 1897 tempore,

197 1943 264 2007 quo
280 1920 487 2005 Thucydides
511 1924 569 1983 etsi
591 1923 650 1981 iam
674 1939 741 1980 riou
764 1939 852 2002 puer,
875 1921 1001 1983 iuvenis
1025 1931 1127 1983 tarncn
1150 1939 1304 1982 annorum
1329 1918 1395 1982 fere
1419 1921 1525 2003 viginti
1549 1919 1688 2003 quinque
1703 1927 1778 1996 erat,

198 2028 309 2092 audito
331 2049 449 2090 summa
474 2049 542 2090 cum
567 2023 894 2110 omnium.voluptate
918 2047 955 2087 ac
978 2022 1073 2088 laude
1089 2023 1267 2101 Herodoto,
1291 2033 1322 2086 et
1344 2027 1446 2108 ipsum
1472 2022 1512 2086 ad
1535 2022 1616 2105 idem
1641 2023 1778 2088 studium

199 2133 437 2218 suscipiendum
466 2134 602 2215 instigari
632 2133 791 2215 potuisse,
819 2152 913 2194 nemo
943 2130 1060 2194 infitias
1088 2130 1159 2208 ibit,
1189 2142 1223 2193 ut
1251 2151 1333 2221 quae
1355 2133 1513 2194 Lucienus
1538 2128 1577 2193 do
1602 2129 1778 2215 Olympico

199 2243 368 2304 certamine
391 2238 497 2316 tradit,
526 2237 566 2301 ad
590 2237 661 2301 illos
686 2236 780 2300 ludos
804 2235 969 2301 commode
993 2237 1184 2310 referantur;
1214 2256 1280 2322 quo
1302 2235 1434 2300 inclinat
1457 2238 1546 2299 etiam
1572 2235 1613 2300 G.
1629 2236 1651 2298 1.
1668 2237 1780 2301 Vossii

199 2351 355 2412 sententia
381 2348 446 2428 (De
471 2348 540 2409 bist.
559 2344 672 2408 Graec.
696 2341 749 2406 lib.
768 2340 790 2419 l,
814 2365 840 2408 c.
855 2348 885 2420 4,
910 2339 951 2406 Τ.
969 2342 1025 2419 IV,
1049 2364 1080 2425 p.
1096 2341 1208 2424 6111).)
1228 2351 1252 2422 ).

332 2452 396 2516 Sed
420 2452 502 2514 harrc
525 2451 741 2534 quaestionem
764 2447 804 2512 de
828 2470 888 2512 usu
910 2470 947 2510 ac
971 2448 1187 2526 familiaritate,
1209 2471 1290 2532 quae
1306 2447 1490 2534 Thucydidi
1513 2471 1616 2538 puero
1637 2448 1689 2513 vel
1705 2448 1781 2516 ado·

198 2560 376 2624 lescentulo
401 2581 470 2620 cum
494 2555 665 2620 Herodoto
691 2556 793 2632 fuerit,
815 2557 981 2618 mittamus.
1028 2552 1111 2619 lllud
1136 2553 1384 2635 consideremus,
1408 2578 1481 2620 num
1506 2569 1605 2623 totum
1624 2560 1781 2626 Herodoti

202 2684 295 2747 opus,
321 2661 415 2746 quale
437 2683 497 2723 nos
520 2684 605 2723 nunc
627 2661 786 2735 habemus,
809 2659 993 2744 Thucydidi
1016 2658 1135 2722 bellum
1154 2660 1463 2744 Peloponnesiacum
1487 2663 1598 2727 litteris
1621 2666 1781 2730 mandanti

203 2767 243 2830 ad
272 2788 399 2831 marium
430 2786 500 2828 esse
522 2769 671 2848 potuerit.
716 2765 752 2826 ld
777 2783 854 2824 vero
879 2765 1086 2824 etiamsinon
1111 2773 1306 2844 compertum
1330 2775 1361 2824 et
1384 2765 1578 2846 exploratum
1601 2767 1780 2848 habeamus,

202 2869 391 2955 quibusdam
423 2877 527 2930 tamen
557 2867 682 2930 indiciis
715 2878 882 2951 tantopere
914 2864 1166 2944 commendatur,
1198 2875 1232 2928 ut
1263 2888 1324 2951 pro
1356 2879 1443 2932 certo
1475 2872 1659 2956 ponendum
1691 2878 1731 2938 sit
1746 2877 1781 2953 ⁷).

226 3119 253 3185 ¹)
272 3110 385 3169 ilarcell.
404 3111 518 3168 rhetoris
535 3113 581 3169 rit.
600 3108 682 3167 Tbuc.
703 3114 718 3183 §
737 3116 784 3168 54:
813 3113 917 3183 λέγεται
942 3109 971 3168 δέ
994 3134 1022 3166 τι
1045 3120 1090 3168 sut
1114 3110 1251 3184 τοιοῦτον,
1277 3108 1312 3167 riis
1328 3134 1395 3189 nore
1413 3112 1460 3170 τοό
1477 3114 1627 3186 Ἡροδότου
1644 3120 1693 3176 scis
1711 3118 1782 3178 idlae

272 3202 391 3273 ἱστορίας
417 3201 642 3272 ἐπιδεικνυμένου,
665 3201 759 3272 παρών
776 3201 813 3274 τῇ
830 3197 958 3273 διιροόοει
977 3200 1137 3270 Θουκυδίδης
1157 3209 1203 3256 sui
1220 3198 1335 3258 oinoioos
1355 3201 1508 3275 ἐδάκρυσεν.
1536 3209 1630 3262 ἔπειτα
1650 3219 1714 3279 φασὶ
1731 3211 1783 3266 τόν

271 3289 422 3364 Ἡρόδοτον
439 3293 520 3346 τοῦτο’
537 3296 707 3358 θεασάμενον
728 3287 813 3344 εἰπεῖν
832 3286 999 3360 adscisceris
1015 3284 1062 3345 τόν
1079 3295 1185 3362 πατέρα
1202 3289 1251 3345 τόν
1265 3284 1395 3362 ''Ol-opor·
1415 3286 1558 3365 ὦ”01σρε,
1576 3292 1654 3369 ὀργρῖ
1671 3295 1689 3368 η’
1705 3295 1782 3371 quiere

273 3377 320 3436 rori
336 3379 394 3435 υἱοῦ
413 3402 457 3435 σου
474 3381 542 3452 πρός
560 3375 723 3449 μαθήματα.
760 3375 836 3432 Phor.
856 3375 923 3433 Bibl.
943 3377 1000 3434 cod.
1019 3380 1062 3435 60.
1099 3375 1195 3435 Suidas
1214 3395 1236 3434 s.
1254 3397 1279 3435 v.
1299 3378 1458 3450 Θουκυδίδης
1476 3389 1503 3436 et
1521 3379 1616 3457 o'pyp'r.

227 3472 253 3539 ²)
273 3465 313 3522 Ad
331 3465 426 3522 Heilnr.
444 3488 513 3525 vers.
534 3466 695 3540 vernaculam
713 3465 743 3522 P.
761 3466 781 3523 1.
799 3487 826 3545 p.
840 3463 902 3522 Vlll
920 3485 959 3543 sq.

229 3561 258 3627 ³)
277 3555 310 3612 V.
328 3554 348 3610 1.
367 3553 395 3609 P.
414 3555 434 3611 1.
456 3575 482 3633 p.
494 3559 530 3610 24
549 3575 590 3630 sq.

228 3650 255 3716 ⁴)
276 3643 374 3718 Ktueg.
392 3642 411 3698 1.
430 3663 451 3697 c.
469 3663 494 3719 p.
513 3647 557 3700 tt.

230 3740 259 3806 6)
278 3733 402 3792 Chronic.
420 3749 508 3786 canora.
527 3730 558 3787 11.
577 3752 604 3810 p.
615 3736 670 3791 339
687 3731 728 3788 ed.
741 3731 853 3790 Zobrab.
871 3740 899 3786 et
911 3732 976 3807 Ang.
989 3731 1060 3788 blais
1080 3732 1230 3804 Ἡρόδοτος
1247 3736 1381 3809 ἱστορικός
1398 3736 1518 3811 ἐτιμήθη
1534 3739 1608 3812 παρὰ
1625 3743 1671 3812 τῆς
1690 3741 1784 3819 Ἀθη.

276 3829 359 3878 ναίων
378 3821 478 3894 βουλῆς
497 3822 660 3894 ἐπαναγνυός
679 3820 766 3877 αὐτοῖς
784 3823 834 3876 eris
850 3821 967 3894 βίβλους.
1003 3821 1075 3896 Quin
1094 3826 1201 3898 pecunia
1220 3825 1251 3880 ab
1264 3826 1470 3885 Atheniensibus
1486 3839 1598 3905 propter
1609 3829 1783 3892 adulationem

276 3910 386 3968 donatas
405 3919 455 3975 est,
474 3909 497 3964 si
516 3907 656 3964 Plutarcho
676 3913 715 3980 (et
731 3908 834 3984 Diyllo)
854 3909 922 3966 fides
939 3908 1065 3976 habenda,
1084 3911 1126 3965 De
1144 3912 1268 3988 malignit.
1286 3913 1383 3975 Herod.
1403 3936 1424 3972 c.
1442 3921 1486 3972 26.

233 4003 259 4073 ⁶)
276 3999 362 4056 Etiam
374 3997 528 4074 Sophocles,
548 4000 593 4074 qui
606 3997 761 4072 Antigonam
779 3997 812 4052 de
831 3997 909 4054 fratre
928 3997 971 4054 rel
989 4003 1081 4056 marito
1100 4003 1152 4077 ipsi
1169 4000 1314 4080 liberisque
1332 4004 1502 4084 praeferendo
1518 4006 1613 4063 iisdem
1625 4015 1784 4084 argumentis

276 4087 422 4164 iisdemque
439 4085 504 4142 adeo
523 4088 710 4141 sententiarum
730 4086 854 4142 membris
872 4087 1048 4164 disputantem
1066 4089 1166 4146 inducit
1183 4092 1280 4167 (stuttg.
1298 4113 1324 4151 r.
1337 4097 1389 4151 909
1405 4099 1485 4171 sqq),
1504 4095 1599 4170 quibus
1617 4099 1686 4174 apud
1703 4098 1784 4156 Hero-

244 4230 246 4235 ,
277 4177 370 4233 dotum
388 4174 550 4252 lntapbernis
568 4193 636 4230 uxor
656 4179 738 4231 utitur
757 4175 821 4248 (111.
840 4196 861 4234 c.
875 4180 927 4233 119
944 4176 1032 4253 ibique
1050 4175 1196 4248 Vahlen),
1214 4181 1265 4235 iam
1283 4190 1339 4237 turn
1359 4182 1463 4239 ridetur
1480 4187 1600 4241 notitiam
1618 4187 1784 4247 historiarum

236 4298 239 4303 ·
276 4264 485 4322 Herodotesrum
507 4262 643 4330 habuisse,
670 4273 750 4340 atque
769 4266 837 4321 adeo
861 4256 999 4322 amicitiam
1023 4266 1292 4344 consuetudinemque
1319 4289 1377 4326 curn
1405 4271 1532 4333 historico
1556 4275 1683 4341 iunxisse,
1711 4279 1784 4352 quod

277 4363 368 4433 aperte
386 4351 529 4408 declaratur
548 4350 680 4407 Plutarchi
696 4355 796 4409 verbis:
815 4353 856 4408 An
875 4356 932 4410 aeni
951 4357 1056 4430 altger.
1075 4374 1146 4431 resp.
1165 4377 1191 4433 p.
1205 4359 1265 4424 785,
1286 4355 1316 4412 B.
1336 4356 1375 4412 ed.
1389 4358 1511 4418 Wecbel.
1530 4360 1625 4431 Ὠιδήν
1644 4359 1784 4440 Ἡροδότῳ

277 4442 353 4510 τεῦξε
365 4438 503 4514 Σοφοκλῆς
521 4442 603 4497 ἐτέων
622 4441 660 4497 δυ
677 4440 753 4498 πέντ’
770 4447 815 4498 ἐπὶ
832 4443 1009 4512 πεντήκοντα.
1044 4443 1099 4499 Sed
1111 4443 1176 4500 haec
1187 4447 1311 4501 maiorem
1324 4446 1408 4504 adhuc
1419 4454 1554 4526 requirant
1566 4447 1784 4524 disquisitionem.

237 4535 262 4602 ⁷)
280 4530 334 4586 lsto
354 4531 423 4586 enirn
441 4526 596 4585 Dahlmanni
615 4539 766 4604 argumento
785 4530 823 4600 (1..
834 4551 855 4586 c.
874 4551 901 4608 p.
914 4534 967 4586 221
986 4538 1049 4608 sq.),
1066 4542 1207 4609 propterca
1225 4552 1293 4608 opus
1310 4531 1490 4596 Herodoteum
1503 4536 1649 4610 Thucydidi
1666 4541 1784 4617 ignotum

279 4618 360 4675 fuisse
377 4617 528 4683 iudicantis,
551 4616 621 4692 quod
639 4616 671 4672 ed
689 4616 809 4694 publicas
827 4620 960 4675 civitatum
978 4618 1137 4695 litigationes
1155 4621 1327 4692 dirimendas,
1344 4635 1375 4682 ut
1392 4627 1547 4700 Argivorum
1566 4633 1593 4680 et
1611 4623 1784 4689 Lacedaemo·

278 4710 381 4763 nicrum
400 4703 499 4776 (Thuc.
518 4702 551 4764 V.
571 4725 594 4762 c.
610 4709 662 4776 tl)
681 4725 734 4762 non
752 4706 904 4763 adhibeatur
921 4710 999 4765 testis
1015 4707 1167 4768 Herodotus
1184 4709 1222 4782 (l.
1239 4732 1263 4772 e.
1275 4715 1339 4785 81),
1357 4716 1434 4770 sicuti
1452 4713 1485 4770 da
1503 4711 1611 4770 Homeri
1629 4720 1785 4779 carminibus

280 4794 340 4851 fieri
362 4791 468 4853 solitum
490 4814 549 4853 ease
572 4793 720 4866 videamus,
742 4795 808 4854 nihil
825 4795 890 4874 fingi
906 4806 997 4876 potest
1013 4801 1143 4879 ineptiam
1163 4819 1225 4860 mm
1242 4799 1309 4860 illud
1325 4821 1412 4880 aeque
1428 4799 1558 4862 Herodoti
1574 4805 1682 4882 scriptis
1697 4826 1784 4885 neque

1557 4914 1576 4968 3
