3952 5648
959 253 1018 342 19

196 483 414 568 insumpserit?
453 479 626 553 Orationes
639 474 735 543 'certe
759 489 874 543 tantam
894 501 998 544 rernm
1018 479 1157 544 civilium
1173 482 1396 565 cognitionem,
1420 492 1536 546 tantam
1551 486 1775 549 sententiarum

195 589 371 655 ubertatem
399 595 528 670 tamque
557 585 757 649 artificiosam
787 585 946 650 scribendi
976 589 1105 666 [ormam
1133 609 1180 651 ac,
1202 609 1305 673 paene
1341 590 1584 653 mathematicam
1616 588 1776 682 quandam

195 694 399 760 subtilitatem
423 715 499 778 prae
522 714 557 756 se
581 692 694 768 ferunt,
719 702 753 755 ut
776 715 846 756 cnm
870 691 1007 756 studium
1032 705 1062 757 et
1086 692 1236 775 laborem,
1261 706 1324 771 tum
1348 700 1519 782 praecipue
1541 706 1665 780 tempus
1689 695 1776 763 haud

196 805 338 887 exiguum
362 802 400 864 iis
424 803 599 884 impensum
625 797 715 862 lacile
739 790 904 884 agnoscas.
934 799 1033 883 ¹Quas
1058 811 1160 863 tamen
1183 820 1248 863 ooo
1272 800 1333 863 iam
1355 801 1443 885 prius
1461 803 1657 886 conscriptes
1672 799 1776 881 luisse,

194 905 228 971 id
252 905 443 971 documento
469 916 525 982 est,
550 902 635 991 quod
661 903 775 966 desunt
799 907 831 968 in
855 904 937 968 libro
962 917 1076 970 octavo
1091 907 1126 986 ¹).
1172 903 1388 988 ltaquecrant
1405 905 1529 990 quidam
1545 910 1628 971 inter
1643 918 1775 988 veteres,

196 1016 251 1098 qui
278 1012 364 1076 illum
395 1034 461 1076 non
491 1033 562 1076 esse
585 1009 785 1094 Thucydidis
812 1022 979 1074 censerent
1008 1010 1141 1096 aliisque
1169 1012 1379 1095 scriptoribus
1408 1009 1584 1075 tribuerent
1616 1013 1777 1102 (Marcell.

195 1115 302 1202 §tta
350 1117 415 1182 Sed
447 1141 517 1183 cum
549 1121 715 1202 peritiores
747 1116 870 1181 iudices
900 1139 1006 1180 veram
1036 1121 1138 1181 ineo
1171 1118 1313 1195 historici
1346 1138 1469 1180 manum
1493 1117 1779 1190 animadverterent

197 1224 353 1306 (Marcell.
379 1224 469 1309 §tlh
501 1227 659 1306 Anonyrn.
684 1222 703 1307 ξ
725 1227 759 1292 9:
789 1221 970 1315 cappadoce·
994 1221 1033 1291 δί
1064 1217 1122 1316 τήν
1145 1220 1274 1316 ὀγδόιγν
1296 1226 1464 1316 ἱστορίαν,
1494 1218 1647 1291 ἀτιίδανε
1669 1221 1776 1310 νόσῳ·

196 1325 409 1424 σφάλλονται
431 1327 497 1423 γάρ
521 1334 559 1398 οἱ
578 1330 735 1415 λέγοντες
755 1323 804 1420 μή
827 1330 1043 1397 Θουκυδίδου
1065 1326 1153 1396 εἶναι
1175 1325 1238 1418 τήν
1262 1325 1423 1418 ὀγδόην),
1447 1349 1513 1394 non
1538 1341 1641 1393 tamen
1667 1352 1777 1396 eorum

197 1439 252 1520 qni
275 1436 315 1499 dc
339 1436 558 1520 Thucydidis
567 1435 632 1498 tilia
656 1441 845 1520 cogitarunt,
875 1442 1031 1499 sententia
1055 1459 1187 1520 prorsus
1211 1433 1337 1498 ridetur
1360 1435 1569 1520 repudianda3
1599 1459 1665 1500 non
1689 1436 1778 1522 quod

196 1543 267 1626 ipsa
289 1564 397 1605 revera
421 1565 492 1605 eum
524 1544 688 1625 scripsisse
719 1541 923 1604 existimanda
953 1547 1005 1616 sit;
1033 1546 1214 1605 rectissime
1232 1544 1314 1605 enim
1339 1543 1542 1606 Marcellinus
1572 1541 1702 1624 (§ts)
1737 1536 1779 1609 οὐ

196 1639 263 1739 γοῖρ
286 1651 479 1775 γυναικείας
501 1643 545 1737 ἦν
566 1644 695 1772 pelassos
715 1641 879 1740 τοιαύτην
902 1646 1028 1740 operris
1049 1675 1085 1716 rs
1107 1649 1164 1715 καί
1188 1650 1312 1738 τέχνην
1331 1644 1569 1743 μιμήσασθαι.
1592 1650 1725 1725 ἔπειτα,
1747 1639 1782 1716 εί

197 1747 336 1846 τσιαύτυγ
367 1779 417 1829 τις
444 1750 503 1841 ἦν,
538 1782 599 1822 oon
628 1781 672 1821 αν
700 1750 885 1821 ἰοσσυδασε
914 1761 1059 1834 loricis,
1090 1750 1209 1832 οὐδ”
1187 1780 1233 1821 αν
1261 1749 1325 1840 τήν
1354 1751 1480 1844 o'yddrys
1502 1758 1634 1847 ἔγραψε
1656 1751 1776 1838 μόνον,

196 1852 289 1926 α’λλα
312 1860 371 1925 καί
391 1857 482 1926 σ’ίλλα
505 1856 615 1927 πολλα
637 1856 863 1928 κατίλισεν”
838 1885 894 1934 αν,
917 1885 982 1946 την
1005 1854 1135 1933 οἰκείαν
1157 1862 1364 1958 ἐκφαίνουσα
1386 1887 1509 1953 φυσιν,
1531 1859 1588 1924 sed
1606 1863 1678 1944 quia
1694 1858 1779 1922 illius

197 1986 307 2049 opera‘
321 1987 357 2027 cx
381 1969 520 2050 paternis
533 1970 774 2029 ¹commentariis
797 1969 864 2028 sive
886 1964 1109 2053 ὑπομνήμασι
1134 1971 1165 2030 in
1182 1967 1283 2029 locem
1301 1965 1405 2029 editus
1422 1968 1476 2042 sit,
1500 1978 1595 2049 atque
1611 1966 1694 2030 haud
1711 1969 1779 2029 scio

198 2091 238 2133 an
265 2069 371 2133 ultima
404 2073 494 2134 huius
518 2071 593 2135 libri
617 2076 778 2156 totiusque
803 2073 912 2156 operis
937 2073 1050 2135 verba:
1083 2070 1167 2141 ὅταν
1190 2073 1210 2139 o‘
1231 2065 1319 2156 μετοῖ
1341 2072 1440 2140 τοῦτο
1462 2067 1503 2140 sd
1525 2073 1629 2166 δέρος
1652 2066 1780 2159 γαμῶν

196 2171 385 2269 τελευτήσῃ,
407 2175 444 2244 ἓν
466 2180 523 2275 καὶ
546 2171 699 2245 είκοοτόν
721 2181 797 2254 ἔτος
812 2176 1019 2270 πληροῦται,
1045 2201 1126 2268 qnae
1142 2177 1341 2262 Thucydidis
1356 2201 1426 2242 esse
1442 2202 1509 2243 non
1525 2200 1620 2264 posse
1637 2189 1779 2262 apertum

198 2293 253 2361 cst,
269 2297 342 2347 'non
368 2296 427 2347 tam
452 2306 468 2347 a
492 2283 623 2348 librario
647 2285 754 2367 aliquo
780 2284 834 2364 (cs.
853 2286 966 2368 Poppo
991 2285 1025 2363 P.
1042 2284 1080 2360 Il,
1105 2285 1145 2347 V.
1162 2285 1184 2359 l,
1207 2306 1240 2368 p.
1260 2290 1330 2365 ts),
1348 2302 1439 2368 quam
1464 2285 1502 2347 ab
1527 2289 1594 2368 ipsa
1616 2283 1681 2347 lilia
1704 2305 1780 2368 pro-

198 2388 280 2453 lecta
304 2393 378 2466 sint,
407 2389 447 2452 ad
470 2391 565 2452 linem
590 2400 723 2474 paterno
748 2394 839 2473 operi
862 2388 1087 2474 imponendum
1112 2388 1241 2451 adiecta.
1265 2427 1308 2438 —
1339 2389 1415 2472 (luo
1440 2389 1557 2452 diutius
1581 2399 1681 2452 autem
1706 2398 1781 2474 post

197 2493 314 2557 bellum
344 2495 649 2579 Peloponnesiacum
679 2498 711 2557 iu
740 2500 804 2557 rita
833 2500 944 2558 mansit
972 2493 1195 2580 Thucydides,
1225 2515 1264 2558 eo
1295 2494 1415 2557 facilius
1444 2495 1483 2557 ad
1512 2518 1636 2558 manum
1664 2494 1781 2559 habere

199 2610 326 2681 poterat
349 2601 511 2665 historiam
534 2600 751 2664 Herodoteam
765 2588 805 2677 Ι).
851 2604 956 2687 Atque
980 2600 1058 2665 illod
1082 2621 1212 2687 quoque
1235 2602 1268 2663 in
1290 2600 1349 2662 hac
1373 2603 1559 2689 quaestione
1582 2596 1665 2665 haud
1688 2599 1781 2686 parvi

227 2808 251 2874 ¹)
270 2801 345 2858 Hunc
364 2806 433 2858 enim
452 2805 618 2879 potissimum
636 2801 732 2859 librum
751 2807 897 2860 orationum
915 2803 1142 2863 immiscendorum
1159 2800 1257 2858 nnllam
1276 2801 1429 2878 praebuisse
1448 2806 1625 2876 occasionem,
1648 2808 1692 2864 vix
1710 2807 1780 2883 quis·

269 2911 347 2966 quam
366 2892 425 2958 crit,
445 2895 489 2966 qni
508 2889 645 2964 Kruegero
664 2891 696 2964 tl.
716 2913 737 2949 c.
757 2914 781 2970 p.
801 2897 847 2963 68)
867 2893 963 2951 credat.
998 2893 1084 2951 Aliter
1101 2892 1198 2949 indicat
1215 2890 1310 2967 Poppo
1330 2891 1359 2950 P.
1378 2892 1398 2948 l.
1417 2891 1477 2951 Vol.
1496 2892 1516 2948 l.
1535 2914 1560 2971 p.
1579 2899 1622 2951 30.

224 2984 250 3051 ²)
270 2978 339 3036 Com
363 2983 431 3035 enim
456 2983 585 3035 incertum
609 2984 656 3048 sit,
682 3003 734 3059 quo
757 2986 849 3038 aetatis
872 3004 939 3039 anno
962 3004 977 3039 e
999 2986 1051 3040 vita
1075 2982 1227 3039 discesserit
1245 2977 1427 3054 Thucydides,
1451 2985 1475 3038 si
1498 3004 1590 3040 rerum
1613 3003 1684 3050 essa,
1709 2984 1781 3060 quod

268 3067 434 3126 Marcellinus
453 3067 560 3124 tradidit
577 3088 637 3124 cram
652 3067 789 3144 Kruegero
808 3077 939 3147 posueris,
957 3075 1033 3143 §stz
1051 3068 1209 3129 παύσασθαι
1228 3069 1256 3124 δὲ
1270 3071 1326 3135 Ιτδν
1343 3077 1404 3143 βίον
1423 3069 1505 3145 ὑπὲρ
1522 3072 1560 3128 rei
1575 3069 1781 3147 πεντήκοντα

269 3162 327 3229 ἔτη
353 3161 406 3223 (int
433 3157 570 3231 ityreos),
596 3157 779 3215 brevissimum
802 3163 872 3215 vitae
895 3169 998 3236 tempus
1021 3169 1083 3235 post
1106 3159 1204 3215 bellum
1225 3156 1473 3234 Peloponnesiacum
1493 3157 1639 3236 Thucydidi
1658 3161 1781 3218 tribueris

271 3244 401 3316 (Marcell.
420 3251 437 3318 §
455 3250 502 3317 45:
529 3244 652 3304 σῖπίθανε
671 3249 699 3305 δὲ
717 3250 801 3320 perd
820 3250 878 3305 cdv
895 3248 1115 3320 alienaveris
1134 3249 1460 3318 Πελοποννησισκδν
1483 3252 1512 3306 ἐν
1530 3251 1564 3324 τῇ
1583 3246 1708 3325 (ipsium
1732 3270 1781 3308 nce

270 3344 357 3391 tamen
376 3355 408 3390 eo
426 3335 490 3390 illud
510 3339 574 3391 satis
593 3335 707 3406 efficies,
726 3348 756 3394 ut
774 3358 826 3395 nnn
844 3339 923 3393 nimis
942 3339 978 3394 sit
994 3336 1135 3413 puerulus,
1154 3356 1207 3412 quo
1226 3346 1345 3411 tempore
1364 3340 1419 3393 aive
1438 3338 1577 3415 Olympiae
1596 3342 1652 3395 sire
1671 3339 1781 3396 Athenis

269 3421 434 3480 Herodotum
451 3423 541 3478 audire
561 3428 686 3500 potnerit,
703 3435 784 3502 utque
802 3431 830 3483 io
849 3437 901 3483 tam
920 3437 1035 3483 teneram
1055 3425 1193 3482 aetatulam
1210 3437 1329 3482 ueterum
1347 3424 1413 3481 illud
1432 3426 1506 3485 όσδτ
1519 3428 1575 3485 vids
1593 3427 1716 3501 o'pyoioce
1728 3435 1781 3498 ἔχει

269 3515 321 3583 τήν
341 3515 427 3583 ψυχήν
444 3511 511 3584 πρὸς
529 3512 563 3569 esi
579 3511 735 3584 μαθήματα
754 3519 969 3593 (v.suprap.17
988 3525 1043 3572 not.
1059 3520 1091 3584 l).
1108 3514 1162 3571 ullo
1180 3526 1256 3590 pacto
1275 3513 1394 3590 madent.
1430 3514 1484 3571 Sed
1502 3513 1668 3573 Marcellinus
1686 3522 1780 3574 ceteris

272 3603 403 3666 omnibus,
423 3603 468 3675 qui
487 3599 520 3656 de
539 3602 595 3657 eius
613 3611 696 3659 aetate
715 3601 885 3669 tradiderunt,
904 3601 970 3659 odeo
990 3613 1125 3680 repugnat,
1143 3612 1172 3659 ut
1191 3602 1304 3660 dubitari
1321 3613 1442 3680 nequeat,
1461 3607 1523 3680 quin
1542 3604 1613 3662 illius
1631 3607 1709 3663 verba
1724 3629 1780 3664 cor-

270 3698 349 3765 rupta
366 3692 432 3754 siot;
450 3710 479 3745 ac
498 3687 638 3762 legendum
657 3688 708 3755 vel,
728 3700 757 3746 ut
775 3691 818 3748 alii
836 3691 984 3759 voluerunt,
1002 3689 1067 3763 ὑπὲρ
1086 3693 1121 3748 cd
1139 3691 1356 3766 ὀγδοήκοντα
1370 3696 1435 3763 ,ἕτηη
1453 3692 1509 3761 rel,
1535 3694 1605 3768 qood
1624 3699 1697 3771 operi
1717 3717 1781 3752 non-

228 3817 229 3820 =
273 3777 335 3834 dum
359 3776 477 3854 perlecto
501 3779 583 3851 magis
605 3781 739 3847 convenit,
764 3778 830 3851 ὑπὲρ
853 3781 888 3837 eoi
909 3778 1189 3852 e‘ssdopp'sovrcl'rn„
1206 3800 1265 3841 cum
1288 3783 1316 3837 io
1340 3800 1510 3841 numerorum
1533 3786 1602 3839 notis
1625 3788 1781 3860 saepissime

272 3865 371 3923 librarii
393 3885 515 3944 peccasse
540 3871 710 3942 reperiantur.
746 3866 822 3925 laitio
847 3871 916 3933 enim
939 3869 1010 3925 illius
1033 3868 1097 3939 belli
1121 3868 1288 3944 quadraginta
1311 3868 1367 3926 lere
1389 3892 1515 3929 annornm
1542 3871 1602 3938 tuit,
1626 3893 1678 3929 non
1702 3875 1780 3930 modo

271 3965 341 4011 teste
360 3954 504 4031 Pamphila,
524 3955 674 4015 doctissima
693 3956 885 4033 Aegyptiorum
902 3957 1012 4014 muliere
1031 3957 1075 4029 (A.
1088 3952 1156 4015 Gell.
1174 3958 1209 4014 N.
1229 3963 1282 4027 Aac
1301 3957 1360 4016 XV.
1380 3981 1400 4015 c.
1418 3965 1466 4017 23:
1487 3963 1704 4028 „Hellanicus
1725 3967 1780 4018 He·

206 4075 209 4079 ·
273 4047 417 4109 rodatur,
445 4047 649 4118 Thucydides,
674 4047 826 4103 historice
849 4052 1033 4121 scriptores,
1057 4052 1092 4104 in
1115 4051 1222 4109 iisdem
1245 4051 1433 4122 temporibus
1453 4053 1522 4115 fere
1546 4053 1637 4107 lende
1659 4055 1782 4121 ingenti

265 4137 461 4208 floruerunt,
481 4145 511 4191 et
528 4154 592 4191 non
611 4136 706 4191 nimis
725 4139 813 4207 longe
832 4138 1025 4192 distantibus
1036 4140 1178 4207 suerent
1195 4139 1360 4194 aetatibus.
1391 4139 1469 4193 Nom
1481 4139 1669 4195 Hellanicus
1686 4144 1779 4196 initio

275 4224 346 4277 tetta·
364 4224 616 4293 Peloponnesiaci
632 4227 735 4291 fnisse
753 4227 914 4297 pninpne
934 4235 968 4279 et
987 4229 1190 4297 sexaginta
1210 4244 1311 4280 annos
1327 4235 1425 4281 notus
1441 4226 1583 4295 videtur,
1603 4229 1782 4285 Herodotus

275 4324 354 4367 tres
373 4322 407 4365 et
425 4314 722 4382 qninquaginta,
743 4311 933 4382 Thucydides
951 4306 1216 4383 qundnoginto.
1245 4310 1404 4387 Scriptum
1417 4314 1496 4367 loc
1483 4334 1517 4370 an
1531 4317 1609 4370 libro
1622 4318 1779 4373 nndecinro

277 4401 472 4472 Ρσναρίιίίαθ.ί
473 4407 510 4467 ‘,)
530 4399 673 4454 sedetiam
693 4396 871 4469 Suldatsv.
891 4400 1076 4481 Θσκιδιδης)
1100 4396 1201 4472 ἤκμαζε
1221 4400 1288 4456 nord
1307 4424 1358 4470 την
1376 4402 1422 4464 ντζ
1440 4400 1557 4474 Ολυμπ
1560 4400 1629 4458 αδα
1654 4400 1693 4458 Ut
1711 4425 1781 4462 entm

276 4486 310 4541 ob
327 4488 442 4543 additum
462 4485 530 4562 apud
550 4487 664 4542 Gellium
683 4486 824 4552 verbum,
827 4489 1025 4552 αἰδοίαν*
1046 4507 1099 4543 non
1122 4498 1176 4544 tota
1199 4489 1243 4544 res
1266 4510 1315 4565 pro
1339 4478 1422 4545 nihilo
1438 4488 1558 4547 habenda
1581 4490 1665 4565 (quod
1682 4490 1780 4570 Krneg.

277 4573 295 4631 l.
313 4595 334 4630 c.
354 4596 381 4650 p.
394 4580 408 4630 'r'
429 4583 483 4628 not
499 4578 516 4629 5
536 4574 624 4644 lecit),
649 4574 698 4630 sed
716 4576 761 4630 illo
780 4574 924 4632 modestiae
941 4576 1068 4634 vocabulo
1087 4575 1151 4633 nihil
1169 4578 1238 4633 alind
1257 4579 1411 4654 significare
1419 4580 1502 4638 voluit
1520 4576 1663 4653 Pamphila,
1681 4584 1732 4638 nisi
1750 4603 1780 4640 sc

277 4661 311 4717 de
329 4671 400 4716 nemo
417 4680 447 4717 ac
465 4660 719 4718 delirritssststis
701 4682 768 4719 anno
786 4664 968 4730 subdubitans,
987 4665 1065 4725 etde
1077 4682 1136 4722 ano
1146 4671 1276 4744 paucisve
1292 4671 1366 4724 annis
1379 4669 1433 4724 lalli
1447 4687 1535 4744 posse,
1553 4668 1588 4722 ita
1600 4664 1666 4724 illud
1678 4668 1779 4742 ἤκμαζε

272 4747 346 4828 'apud
358 4747 473 4818 saidam,
491 4768 549 4807 cnm
568 4750 599 4806 oh
616 4771 684 4807 anno
703 4754 789 4830 primo
801 4751 908 4832 0lymp.
922 4756 956 4810 st
971 4751 1073 4812 initium
1091 4759 1193 4832 ceperit
1210 4754 1320 4826 hellam,
1336 4777 1395 4814 cum
1413 4755 1609 4832 quadragesimo
1622 4757 1678 4815 fere
1690 4763 1780 4816 aetatis

277 4858 344 4896 anno
362 4841 462 4915 optimo
478 4843 605 4916 congruit,
623 4839 655 4897 ab
673 4860 740 4907 anuo
756 4833 989 4920 antam·vigeslmn
1008 4846 1086 4902 lertio
1103 4844 1181 4924 plana
1199 4845 1330 4906 abhorret.
1359 4846 1398 4904 Ac
1410 4842 1546 4903 Ciceronis
1564 4846 1643 4902 etism
1663 4851 1779 4904 testimo-

1534 4953 1570 5010 3.
