3952 5648
968 217 997 304 6

906 339 1062 350 -ι-ι-

196 444 401 533 cogitandum
424 457 485 521 est,
514 443 635 507 sedita
659 445 738 506 baec
761 440 857 504 verba
881 441 1080 528 accipienda,
1109 451 1144 503 nt
1166 442 1194 502 si
1216 449 1282 504 tota
1306 439 1550 526 Peloponnesus
1573 439 1607 503 in
1631 440 1781 531 quinque

193 567 299 640 partes
324 548 540 638 magnitudine
569 551 635 613 lere
664 548 811 632 aequales
842 547 1065 626 distribuatur,
1094 568 1130 610 ex
1159 546 1207 609 bis
1239 546 1321 610 duae
1351 548 1467 610 luerint
1496 549 1528 610 in
1555 557 1714 632 potestate
1738 570 1781 612 ac

194 660 318 725 ditione
333 656 656 722 Lacedaemoniorum
669 657 701 732 ¹).
739 657 854 739 Neque
877 677 955 719 vero
979 657 1145 745 quicquam
1162 652 1255 716 babet
1272 653 1462 718 offensionis
1478 652 1629 718 articulus
1645 652 1779 717 additus

194 761 284 848 (tols
300 761 360 832 δύο
375 765 524 856 μοίρας).
564 762 646 828 Cum
664 765 746 826 enirn
762 760 969 845 Thucydides
990 781 1050 845 pro
1074 781 1133 823 suo
1157 759 1323 824 brevitatis
1346 759 1452 823 studio
1476 758 1562 822 nude
1585 756 1652 826 sair
1674 758 1777 827 πέντε

193 870 318 949 dixerit,
341 872 361 934 i.
378 893 405 933 e.
429 891 471 932 ex
495 868 573 932 illis
598 873 738 953 quinque
762 867 908 952 partibus
932 871 978 946 (in
1002 889 1080 951 quas
1103 869 1279 930 universam
1297 864 1395 929 dividi
1412 866 1671 950 Peloponnesum
1688 863 1778 949 apud

192 980 328 1040 animum
351 987 438 1039 tuum
461 981 602 1056 statuas),
626 996 691 1039 non
715 975 820 1058 potuit
844 995 911 1037 non
934 968 994 1048 τοῖς
1017 968 1080 1040 δύο
1102 975 1226 1064 μοίρας
1249 970 1411 1058 νέμονται
1434 995 1502 1036 curn
1519 970 1655 1034 articulo
1673 969 1777 1034 Grae-

194 1103 303 1147 corum
325 1080 481 1166 loquendi
504 1103 593 1144 more
616 1080 767 1156 scribere,
797 1082 816 1142 i.
833 1100 859 1142 e.
883 1080 948 1141 has
973 1077 1051 1141 duas
1076 1078 1242 1161 (quintas)
1266 1089 1371 1162 partes
1403 1090 1497 1163 (quas
1522 1079 1555 1140 in
1579 1098 1634 1138 sua
1658 1075 1779 1140 babent

193 1187 330 1267 ditione)
360 1185 538 1272 possident.
584 1187 645 1252 Sic.
664 1188 692 1262 l,
717 1209 742 1250 c.
761 1191 819 1256 74:
850 1183 933 1260 ναῦς
956 1183 1022 1268 μίν
1044 1209 1081 1269 γε
1103 1183 1137 1258 ἐς
1159 1178 1226 1259 τοὶς
1248 1186 1466 1277 τετρακοσίας
1489 1183 1590 1270 ὀλίγῳ
1612 1179 1781 1258 ἐλάσσους

192 1292 272 1364 τῶν
296 1291 358 1361 δύο
381 1290 513 1387 μοιρῶν
536 1289 825 1384 (παρεσχόμεθα).
861 1289 982 1353 Ibidem
1007 1312 1033 1353 c.
1049 1295 1125 1359 lot:
1149 1292 1207 1357 καὶ
1221 1285 1497 1366 ἀναπλεύσαντες
1512 1285 1583 1357 elad
1598 1281 1781 1382 θαλάσσης

192 1402 226 1478 ἐς
254 1394 315 1468 cdv
340 1397 484 1477 Νεῖλον,
515 1396 575 1466 τοῦ
602 1425 637 1467 ιε
669 1397 820 1483 πολέμου
848 1394 1052 1487 κρατοῦντες
1078 1396 1136 1462 καὶ
1162 1395 1220 1490 τῆς
1244 1398 1424 1490 Μέμφιδος
1445 1395 1525 1464 τῶν
1547 1392 1608 1464 δύο
1630 1391 1778 1487 μοιριὸν,

192 1503 276 1598 ιιρός
305 1499 353 1573 zo*
380 1508 496 1597 τρίτον
516 1504 638 1596 μέρος,
666 1501 863 1571 ὂκαλεῖιαι
886 1496 1025 1571 Λεοκόν
1047 1508 1168 1589 τεῖχος,
1190 1502 1433 1590 ἐσολίμουν1).
1471 1541 1511 1554 -
1546 1499 1611 1566 lam
1635 1520 1712 1564 vero
1736 1499 1781 1563 ad

193 1624 291 1677 totam
315 1633 380 1674 rem
405 1632 486 1694 quae
510 1611 544 1672 iu
568 1610 824 1694 disquisitionem
850 1612 935 1671 venit
959 1608 1192 1673 conficiendam
1212 1610 1292 1672 illud
1316 1609 1419 1673 solum
1443 1619 1595 1693 superest,
1620 1617 1655 1670 ut
1670 1628 1780 1670 veram

195 1740 266 1783 esse
282 1715 522 1801 Thucydideam
539 1721 807 1800 computationem
825 1715 1019 1780 ostendatur.
1066 1718 1112 1779 Ac
1135 1717 1338 1780 Mannertum
1362 1714 1499 1800 quidem,
1524 1713 1620 1778 totius
1642 1712 1780 1798 paenin-

195 1824 285 1889 sulae
301 1824 595 1906 Peloponnesiacae
617 1821 863 1906 magnitudinem
888 1843 925 1884 ex
942 1824 1091 1886 trecentis
1108 1825 1332 1912 quinquaginta
1350 1821 1414 1884 lere
1429 1821 1579 1884 milliariis
1595 1820 1781 1904 geographi-

196 1933 240 1995 cis
265 1941 415 1994 constare
441 1927 664 1991 existimantem
689 1929 746 2008 (T.
767 1926 857 2007 Vlll,
881 1950 911 2013 p.
929 1932 1022 2006 348),
1046 1951 1156 2013 parum
1182 1940 1328 1992 accurate
1351 1926 1540 1989 subduxisse
1564 1926 1719 2002 calculos,
1742 1947 1782 1988 ex

194 2037 299 2121 ipsius
329 2033 436 2096 uerbis
466 2032 557 2096 facile
586 2036 735 2117 cognosci
764 2045 879 2116 potest.
929 2035 1053 2098 Etenim
1084 2034 1125 2112 si,
1159 2056 1239 2118 quae
1269 2033 1309 2096 de
1337 2032 1529 2116 singularum
1562 2012 1782 2119 Peloponnesi

150 2172 155 2179 s
195 2143 331 2225 partium
360 2140 469 2223 spatiis
500 2136 649 2203 disseruit
679 2139 717 2220 (l.
742 2160 768 2202 c.
797 2162 828 2224 p.
850 2143 923 2216 355,
947 2145 1020 2216 373,
1043 2145 1118 2217 384,
1140 2143 1215 2216 413,
1237 2143 1312 2214 479,
1336 2144 1408 2212 599,
1439 2144 1513 2214 559,
1543 2142 1641 2219 636),
1669 2158 1781 2201 eorum

194 2267 344 2309 summam
374 2243 562 2321 confeceris,
594 2266 780 2330 quamquam
805 2245 940 2308 Phliasia
968 2247 1100 2332 regione
1127 2268 1203 2309 sane
1229 2243 1362 2331 parvula
1390 2247 1518 2322 omissa,
1549 2242 1609 2308 iam
1638 2253 1783 2307 trecenta

195 2350 454 2435 undenonaginta
480 2352 604 2412 circiter
626 2350 771 2413 milliaria
794 2351 1001 2435 geographica
1024 2351 1213 2416 elficientur.
1259 2350 1342 2416 Cum
1366 2372 1443 2415 vero
1466 2353 1634 2427 Laconica,
1657 2347 1782 2413 adiecta

194 2458 364 2534 Messenia,
381 2456 490 2541 paullo
506 2456 578 2540 plus
596 2466 721 2520 centum
737 2458 961 2540 quinquaginta
979 2458 1123 2521 milliaria
1138 2460 1348 2543 geographica
1364 2458 1592 2541 complectatur
1609 2456 1782 2535 (Mannert.

193 2562 213 2626 l.
231 2585 258 2627 c.
282 2585 313 2646 p.
331 2567 395 2630 599
412 2572 442 2625 et
458 2567 558 2640 559),
582 2568 609 2624 si
632 2565 691 2625 toti
715 2560 940 2645 Peloponneso
964 2564 1030 2627 lere
1053 2574 1194 2628 trecenta
1210 2570 1391 2649 nonaginta,
1414 2563 1593 2627 Laconicae
1610 2583 1678 2624 cum
1694 2562 1784 2624 Mes-

193 2671 281 2731 senia
305 2679 429 2730 centum
454 2670 682 2753 quinquaginta
705 2689 762 2730 sex
784 2666 851 2729 lere
875 2667 1014 2732 milliaria
1038 2670 1249 2755 geographica
1272 2667 1496 2754 adsignaverim
1519 2669 1579 2731 hac
1601 2689 1733 2750 quoque
1748 2670 1783 2730 in

194 2792 230 2834 re
258 2765 521 2832 accuratissimam
543 2765 744 2849 Thucydidis
773 2768 962 2848 diligentiam
990 2791 1098 2832 rursus
1123 2793 1276 2853 agnoscas
1300 2774 1473 2856 oportebit.
1521 2773 1673 2834 Ceterum
1696 2772 1783 2837 baud

146 2953 150 2961 ,
195 2874 330 2938 alienum
353 2872 488 2936 fortasse
511 2870 606 2934 luerit
629 2868 781 2934 lectorem
803 2891 947 2948 monere,
972 2882 1003 2935 et
1025 2877 1127 2958 ipsum
1150 2875 1352 2939 Mannertum
1375 2887 1502 2940 nostrae
1525 2876 1617 2938 buius
1641 2874 1705 2941 loci
1729 2901 1783 2944 ex-

192 2981 358 3066 plicationi
380 2977 467 3044 nulla
490 2978 675 3062 suspicione
697 2977 812 3040 iniecta
836 2980 1016 3041 consentire
1040 2977 1170 3058 (ibidem
1194 3003 1225 3064 p.
1243 2984 1333 3057 560).

327 3084 472 3148 Eodem
497 3085 622 3166 capite
649 3079 718 3163 §42
738 3084 911 3215 nsuor‘pxe
934 3110 1001 3176 γαρ
1030 3087 1228 3166 (Homerus)
1252 3091 1376 3173 χιλίων
1397 3090 1454 3156 καὶ
1475 3092 1659 3157 διακοσίων
1682 3089 1780 3174 νεῶν,

194 3219 256 3269 τας
282 3188 348 3277 μίν
371 3183 533 3257 Βοιωτιον
560 3190 663 3254 εἰκοσι
690 3187 746 3252 καὶ
768 3182 889 3255 ἕκατον
912 3188 1072 3283 οἷνδριῦν3
1078 3199 1109 3274 ),
1137 3217 1199 3268 τας
1221 3190 1260 3260 ds'
1287 3191 1493 3286 Φιλοκιὴιου
1515 3191 1728 3287 πεντήκοντα
1740 3197 1780 3280 4)

194 3300 321 3428 δηλῶν,
337 3297 382 3372 αἱς
403 3294 481 3379 ἐμοὶ
503 3297 606 3369 δοκεῖ,
630 3285 690 3366 τοὶς
710 3294 868 3378 μεγίστας
890 3296 950 3361 καί
972 3323 1032 3373 σας
1054 3297 1250 3383 ελαχίστας
1273 3297 1388 3367 ἄλλων
1411 3302 1495 3387 γοῦν
1516 3302 1687 3388 μεγέθους
1701 3306 1782 3396 πέρι

194 3405 233 3473 ἕν
254 3400 343 3471 νεῶν
364 3393 542 3485 καταλόγῳ
565 3392 626 3464 οὐκ
649 3391 815 3490 ἐμνήσθη.
862 3401 951 3463 Haec
974 3399 1159 3485 disputandi
1182 3413 1277 3486 atque
1301 3407 1537 3489 argumentandi
1560 3411 1640 3471 ratio
1659 3419 1781 3473 tantum

196 3508 296 3586 abest,
320 3519 354 3572 ut
377 3511 446 3571 iure
468 3505 565 3585 nqbis
587 3525 652 3567 non
677 3502 793 3568 debeat
816 3505 1004 3583 satisfacere,
1029 3528 1120 3591 qnam
1139 3508 1307 3592 Popponis
1324 3510 1420 3575 luisse
1436 3516 1623 3579 sententiam
1640 3514 1760 3579 video⁵
1760 3529 1781 3596 ),

196 3626 231 3680 ut
254 3637 319 3680 non
342 3611 439 3678 modo
462 3611 532 3676 sola
555 3610 604 3689 sit,
628 3631 665 3673 ex
689 3609 814 3696 quade
838 3615 990 3675 universo
1008 3611 1203 3678 Graecarum
1228 3620 1390 3701 copiarum
1412 3640 1545 3685 numero
1570 3620 1687 3704 aliquid
1712 3626 1783 3686 erui
1844 3653 1845 3656 ¹

222 3811 283 3877 ¹),
284 3803 375 3859 Wenn
393 3823 454 3858 man
473 3801 528 3858 sieb
547 3801 597 3856 den
616 3799 784 3878 Peloponnes
804 3803 896 3872 (verba
915 3814 976 3859 sunt
993 3803 1165 3860 Bredowiil
1184 3827 1205 3861 c.
1224 3805 1255 3862 T.
1272 3808 1293 3877 l,
1310 3830 1337 3887 p.
1352 3813 1422 3882 19)
1415 3832 1441 3868 m
1460 3811 1520 3868 tunt
1534 3811 1660 3885 ungePahr
1678 3812 1781 3886 gleicbe

155 3886 157 3890 ’
267 3890 360 3947 Tbelle
379 3891 488 3965 getbeilt
506 3888 594 3956 deult,
612 3889 731 3945 besitzen
749 3890 1025 3950 dieLacedaemonier
1043 3893 1123 3949 deren
1142 3897 1219 3952 zuei.
1254 3896 1298 3952 Αιι
1314 3897 1633 3978 politischellintheilung
1652 3906 1687 3958 ist
1706 3903 1781 3959 nicbt

221 4076 233 4108 ²
242 3977 533 4126 llledlldlellrliculi'
525 4071 552 4123 in
569 4068 747 4124 numeralibus
766 4089 815 4126 usu
832 4071 911 4128 vld.
904 4075 1023 4148 inprimis
1037 4071 1154 4128 Goeller
1172 4073 1205 4130 ad
1224 4073 1305 4132 Tbuc.
1323 4076 1343 4144 l,
1363 4082 1424 4145 116,
1442 4087 1498 4134 tum
1517 4076 1612 4156 Poppo
1631 4077 1692 4136 P..l
1711 4077 1780 4139 V.l.

265 4163 357 4237 ρῖθθ
375 4178 415 4232 sq.
452 4157 527 4214 Rost
547 4156 686 4213 Grammat.
705 4156 751 4215 Gr.
770 4163 842 4230 §98‚
861 4159 893 4227 Β,
911 4165 1010 4238 ρ,,456
1024 4183 1047 4217 e.
1082 4160 1183 4238 Krueg.
1202 4164 1235 4220 ad
1253 4175 1374 4222 nostrum
1392 4164 1476 4224 Tbuc.
1494 4167 1589 4226 locum.

581 4336 670 4408 κοῦροι
688 4336 849 4392 Boeoaroiv‘
836 4339 934 4395 εκατόν
952 4349 997 4394 καὶ
1016 4345 1099 4396 εἴκοσι
1117 4349 1223 4413 βαῖνον.

223 4429 234 4459 4
271 4425 336 4482 11116.
353 4446 378 4482 v.
392 4427 525 4481 719-
490 4426 631 4492 -ερὲται
651 4422 707 4478 δ’
694 4447 723 4478 εν
742 4425 839 4499 ἑκάστῃ
859 4422 1031 4496 πεντήκοντα

584 4513 746 4583 ἐμβέβασαν.

281 4606 402 4668 ,Totum
422 4613 524 4658 antem
544 4611 761 4667 argumentum
781 4600 958 4678 (inquiline),
978 4625 1035 4677 quo
1053 4609 1243 4680 Thucydides
1260 4615 1415 4669 maximus
1432 4614 1778 4671 esmiaimasnavesab
1860 4662 1867 4673 .

268 4693 400 4747 Homero
424 4693 602 4748 norninatas
626 4706 690 4743 esse
713 4693 897 4764 coaraprobet,
923 4711 962 4748 ex
987 4698 1112 4753 silencio
1138 4701 1173 4755 da
1196 4711 1370 4758 ceterarum
1393 4703 1626 4770 amnitudine
1633 4706 1777 4777 petitum,

268 4799 331 4836 νιονι
348 4782 560 4844 firmissimum
579 4795 652 4841 esre,
672 4779 729 4833 via:
748 4789 795 4833 est
812 4797 870 4835 cur
888 4793 1055 4837 ννιοοιαιιοιέί

237 4075 250 4144 )

224 4245 397 4320 δ)11οιῐι.11
416 4255 443 4319 β.
460 4266 486 4304 v.
499 4251 551 4305 509
570 4267 611 4322 sq.
647 4247 729 4302 -ἐν
748 4248 808 4304 δὲ
796 4248 904 4324 sedorp,

238 4435 249 4496 )

225 4607 279 4673 ⁶)
