3952 5648
984 224 1041 311 18

935 346 1091 358 —u—-

224 448 395 516 ¹slddiderit
422 471 496 513 sane
526 449 713 514 Herodotus
741 450 793 512 bic
820 448 883 511 illic
910 448 991 513 libro
1021 470 1080 513 suo
1108 448 1226 533 aliqua,
1254 448 1371 534 quibus
1402 451 1497 513 vitam
1525 470 1626 533 usque
1656 449 1696 512 ad
1725 448 1809 515 belli

227 555 494 641 Peloponnesiaci
524 568 667 641 tempora
695 555 880 642 perduxisse
908 555 1060 620 videatur.
1108 555 1189 620 Cum
1213 577 1291 619 vero
1314 555 1391 619 nihil
1415 577 1540 634 eurum,
1571 578 1651 640 quae
1674 577 1711 620 ex
1734 559 1809 620 eius

226 660 315 726 libris
339 673 493 747 congesta
512 673 599 740 suut,
627 684 742 726 annum
765 665 896 747 primum
920 660 1055 746 Olymp.
1076 651 1122 730 ¹93
1146 666 1209 741 (=
1229 666 1295 730 408
1318 683 1345 726 a.
1363 661 1459 745 Chr.)
1489 672 1524 725 ut
1547 683 1642 746 supra
1668 661 1808 727 vidimus

226 775 277 852 (p.
295 774 353 844 14)
378 767 518 845 excedat,
549 767 625 853 quid
648 768 791 853 impedit,
816 769 983 852 quominus
1008 766 1067 831 sub
1090 768 1185 831 finem
1210 767 1318 831 saltem
1342 768 1425 832 illius
1450 767 1524 832 belli
1548 767 1662 840 librum
1685 767 1808 833 editum

225 895 263 937 ac
289 874 509 959 pervulgatum
536 896 605 937 esse
634 879 824 938 statuamus?
869 872 1090 958 Thucydidem
1119 885 1236 948 autem,
1264 875 1407 957 quamvis
1438 877 1565 959 ipsese
1589 873 1807 940 belloatatim

224 992 338 1045 exorto
361 980 501 1043 scribare
524 983 668 1065 coepisse
692 981 826 1043 latentur
850 982 898 1062 (l,
918 987 949 1049 l:
971 975 1167 1072 ἀρξάμενος
1188 974 1295 1057 εὐθύς
1317 980 1608 1065 καθισταμένου),
1634 992 1708 1065 post
1729 1004 1805 1066 per·

223 1086 347 1151 lectum
372 1086 495 1149 deinum
520 1085 636 1149 bellum
666 1089 801 1150 animum
831 1085 869 1149 ad
900 1107 983 1170 opus
1013 1109 1102 1149 suum
1131 1086 1375 1171 aggrediendum
1404 1088 1580 1172 applicasse
1604 1086 1699 1151 bodie
1723 1091 1807 1153 inter

226 1191 369 1257 eruditos
400 1196 561 1268 convenit,
590 1191 748 1256 scribendi
779 1195 936 1256 materiam
960 1192 1059 1256 solam
1084 1191 1232 1276 quamdiu
1256 1189 1375 1256 bellum
1398 1193 1566 1278 gerebatur
1587 1214 1703 1257 summa
1728 1217 1808 1259 cura

227 1299 436 1383 colligentem.
482 1300 586 1383 Atque
609 1297 642 1361 id
667 1298 808 1382 quidem,
834 1298 920 1383 quod
945 1302 1126 1383 posteriore
1150 1297 1222 1362 loco
1247 1303 1357 1383 posui,
1381 1303 1473 1362 etiam
1495 1298 1700 1363 Marcellinus
1723 1322 1808 1390 quo-

224 1404 394 1468 dammodo
416 1409 523 1482 sensit,
547 1405 636 1488 §472
660 1400 715 1498 ἀφ’
739 1400 780 1472 οὗ
801 1404 867 1489 μὲν
887 1400 955 1497 χεὶρ
979 1402 998 1473 ὁ
1022 1400 1170 1490 πόλεμος
1190 1400 1327 1496 ἤρξατο,
1351 1402 1546 1497 εὀημειαύτο
1569 1401 1613 1472 τοὶ
1634 1401 1807 1494 λεγόμενα

223 1615 327 1686 σῶσαι
354 1617 395 1711 τῇ
424 1615 597 1711 σημειώσει
625 1613 669 1685 τα
697 1614 891 1708 πράγματα.
938 1616 1037 1701 Quod
1069 1629 1171 1679 autem
1202 1617 1303 1681 addit:
1334 1613 1506 1709 ὕστερον
1536 1615 1579 1685 dd
1606 1612 1707 1702 μετα
1734 1613 1807 1711 την

222 1725 391 1818 ἕξωρίαν
413 1725 451 1791 ἐν
474 1723 611 1817 Σκαπτῇ
633 1719 697 1813 ύλη
720 1719 779 1811 τῆς
807 1719 949 1816 Θρᾴκης
972 1726 1087 1816 χωρίῳ
1110 1719 1342 1810 διαιτώμενος,
1368 1724 1529 1804 συνέταξε
1551 1719 1637 1808 μετα
1658 1719 1807 1800 κάλλους

221 1829 247 1899 εἳ
274 1833 308 1914 ἐξ
334 1826 445 1924 ἀρχῆς
470 1825 582 1916 μόνον
607 1829 801 1921 ἐσημειούτο
829 1824 886 1896 did
913 1825 974 1924 την
1001 1824 1155 1922 μνήμην,
1183 1833 1324 1914 quamvis
1353 1833 1574 1893 consentiente
1599 1829 1755 1895 Cicerone
1770 1831 1805 1910 ¹),

221 1940 351 2024 probari
378 1959 445 2001 non
472 1947 590 2021 potest,
619 1940 679 2000 uisi
708 1936 749 1999 de
776 1935 863 2000 bello
893 1938 953 1998 iam
977 1935 1070 1999 linito
1095 1935 1291 2019 cogitaverit.
1338 1933 1388 1999 Ad
1411 1934 1506 1999 finem
1530 1939 1612 1999 enim
1637 1937 1705 2000 eius
1728 1936 1807 2001 belli

221 2047 340 2131 ubique
367 2049 399 2109 in
426 2041 614 2107 definiendis
640 2041 838 2128 temporibus
866 2064 884 2104 a
914 2039 1106 2125 Thucydide
1134 2041 1319 2124 respicitur,
1353 2062 1414 2104 uec
1441 2039 1542 2104 solum
1572 2044 1605 2105 iu
1635 2046 1805 2128 prooemio

221 2154 306 2235 (cap.
325 2156 365 2220 13
388 2150 436 2214 bis
461 2161 491 2212 et
515 2172 540 2212 c.
561 2155 615 2228 18)
641 2148 728 2234 quod
751 2149 832 2216 banc
855 2146 898 2210 ob
916 2168 1057 2210 caussam
1073 2157 1146 2230 post
1163 2147 1317 2230 reliquam
1334 2148 1496 2211 historiam
1512 2151 1663 2233 scriptum
1678 2160 1805 2214 veteres

221 2256 448 2337 volueruntl),
471 2277 581 2340 parum
606 2265 763 2328 accurale,
789 2256 862 2338 quia
886 2263 967 2330 tuin,
992 2273 1093 2337 opere
1116 2275 1133 2315 a
1156 2255 1315 2337 scriptore
1337 2274 1405 2316 nou
1428 2251 1592 2331 absoluto,
1616 2276 1658 2318 na
1681 2265 1806 2320 exstare

221 2362 347 2448 quidem
375 2364 494 2446 potuit,
523 2359 579 2423 sed
610 2382 666 2444 per
693 2370 793 2422 toturn
821 2357 1055 2445 propemodum
1084 2358 1197 2422 librum
1227 2359 1295 2422 eius
1324 2359 1372 2422 rei
1401 2360 1529 2444 vestigia
1554 2359 1696 2444 dispersa
1720 2373 1804 2440 sunt,

220 2479 256 2532 ut
278 2468 334 2537 lib.
353 2471 392 2545 ΙΙ,
418 2490 443 2530 c.
463 2471 515 2536 13:
542 2464 607 2533 τού
629 2492 665 2533 τε
687 2460 755 2557 χοὲρ
778 2460 973 2558 Φαληρικού
995 2466 1129 2551 τείχους
1151 2461 1280 2533 στύδιοι
1301 2460 1391 2556 ἦσαν
1413 2464 1512 2531 πέντε
1535 2467 1593 2532 καὶ
1616 2465 1806 2559 τριάκοντα

219 2569 305 2667 πρός
326 2567 387 2640 τόν
409 2569 537 2639 κύκλον
559 2569 624 2638 τού
646 2569 769 2647 ἄστεος,
793 2593 829 2634 err
853 2570 1037 2656 imperfecto
1061 2567 1146 2660 ἦσαν
1169 2570 1293 2654 liquido
1318 2581 1457 2654 apparet,
1480 2593 1545 2654 quo
1562 2583 1707 2657 tempore
1722 2575 1805 2638 haec

219 2679 448 2755 scribebantur,
472 2701 593 2742 murum
617 2678 912 2742 aLacedaemouiis
936 2680 995 2738 iam
1018 2677 1115 2739 luisse
1140 2675 1276 2738 dirutum
1288 2676 1322 2752 ³).
1370 2676 1522 2740 Omnium
1545 2689 1649 2741 autem
1672 2683 1807 2747 maxime

218 2787 348 2866 insignis
373 2794 420 2842 est
442 2783 532 2842 locus
555 2783 609 2841 lib.
626 2785 672 2855 V,
694 2806 722 2842 c.
738 2788 795 2848 26:
827 2782 980 2870 Γέγραφε
1003 2778 1042 2846 δὲ
1064 2781 1122 2845 καὶ
1144 2779 1252 2845 ταῦτα
1274 2779 1296 2846 o‘
1319 2777 1423 2855 αύτός
1447 2784 1666 2873 Θουκυδίδης
1687 2785 1806 2878 Ἀθη-

218 2893 316 2962 ναῒος
337 2884 411 2979 ἑξῆς
432 2922 483 2963 -,
505 2884 634 2976 μέχρι
657 2879 703 2950 οὗ
725 2880 799 2977 τήν
821 2909 857 2950 τε
879 2879 1016 2976 ἀρχήν
1039 2883 1300 2950 κατέπαυσαν
1322 2882 1400 2950 τῶν
1421 2879 1660 2975 Ἀθηναίων
1683 2893 1806 2963 Λακε-

219 2989 393 3079 δαιμόνιοι
408 2993 464 3057 καὶ
480 2996 516 3057 οἱ
528 2986 710 3077 ξύμμαχοι,
733 2991 790 3057 καὶ
805 2983 853 3056 τα
865 2984 1001 3081 μακρᾰ
1015 2993 1130 3079 τείχη
1153 2990 1223 3056 καὶ
1245 2983 1317 3055 ada
1335 2991 1522 3082 Πειραιᾶ
1545 2994 1803 3085 κατέλαβον,

218 3103 275 3194 ε”τη
292 3098 329 3166 da'
344 3098 377 3174 ἐς
392 3097 489 3165 τούτο
506 3093 548 3164 ταὶ
563 3093 742 3181 ξύμπαντα
757 3096 889 3183 ἐγένετο
909 3097 958 3182 τῷ
978 3096 1113 3183 πολέμῳ
1134 3088 1219 3162 ἑπτοῖ
1239 3095 1303 3178 καὶ,
1318 3100 1434 3166 εἰκοσι.
1460 3098 1643 3184 ibidemque
1659 3103 1726 3186 §42
1748 3101 1806 3175 ἀεὶ

217 3198 284 3297 γαρ
300 3207 402 3291 ἕχωγε
416 3204 593 3296 μέμνημαι
608 3200 667 3268 καὶ
681 3196 879 3293 ἀρχομένου
894 3200 957 3268 τού
972 3201 1122 3287 πολέμου
1144 3203 1203 3268 καὶ
1224 3201 1348 3293 μέχρι
1370 3199 1420 3270 οὗ
1443 3201 1695 3298 ἐτελεύτησε,
1717 3236 1806 3304 προ-

217 3309 409 3404 φερόμενον
431 3304 499 3378 ύπό
521 3308 658 3376 πολλῶν
679 3304 732 3374 ὅτι
755 3309 831 3399 τρὶς·
848 3307 948 3374 ἐννέα
971 3311 1028 3402 ε”τη
1053 3310 1125 3376 δέοι
1147 3308 1310 3393 γενέσθαι
1333 3305 1447 3375 αὐτόν.
1471 3345 1514 3359 -
1546 3310 1639 3396 Quae
1664 3337 1733 3378 cum
1757 3321 1803 3382 ita

218 3421 290 3495 sint,
313 3440 379 3481 non
402 3424 512 3481 mirum
536 3424 593 3491 ast,
617 3413 706 3499 quod
721 3435 811 3498 *opus
825 3411 1069 3497 Thucydidcum
1085 3434 1151 3477 non
1168 3415 1344 3497 perlectum
1359 3413 1518 3493 babemus,
1542 3422 1635 3483 immo
1652 3432 1803 3492 octavum

218 3523 333 3587 librum
357 3545 424 3586 uon
447 3521 554 3585 eadem
580 3543 641 3605 qua
665 3532 789 3584 ceteros
813 3541 888 3582 cura
905 3520 1078 3603 expolitum
1094 3518 1248 3597 videmus,
1272 3518 1470 3584 orationibus
1488 3523 1588 3602 etiam,
1613 3524 1803 3610 quodsum.

218 3652 300 3692 mum
325 3639 372 3691 est
395 3627 479 3711 apud
503 3625 723 3712 Thucydidem
749 3624 860 3703 decus,
884 3637 1052 3689 carentem.
1099 3624 1161 3689 Cui
1184 3625 1278 3704 cuim,
1302 3627 1360 3691 bos
1384 3626 1484 3692 libros
1508 3636 1656 3696 attentius
1679 3657 1801 3718 pervo-

217 3735 344 3812 lutanti,
374 3733 506 3797 dubium
533 3755 603 3797 esse
632 3735 746 3817 possit,
774 3734 850 3817 quin
879 3732 988 3819 plures
1016 3735 1053 3795 iis
1075 3730 1281 3797 elaborandis
1303 3754 1419 3812 ann0S,
1449 3756 1515 3799 nou
1539 3759 1634 3801 unum
1657 3741 1801 3824 modo&

288 3924 349 3982 ullis
371 3924 428 3981 aliis
451 3934 556 4003 praeter
577 3922 721 3981 Homerum
743 3942 856 4000 nuquam
879 3925 1047 3998 eontigerit.
1043 3923 1168 3981 Homeri
1193 3933 1279 3981 autern
1303 3927 1434 4001 poematia
1457 3936 1485 3982 et
1505 3947 1607 3984 summa
1628 3940 1747 3989 ratuahm
1771 3947 1800 3993 et

288 4017 433 4073 communis
450 4035 499 4091 per
516 4023 597 4070 totam
616 4012 750 4070 Graeciam
768 4013 921 4080 celebritas,
945 4032 996 4088 qua
1014 4015 1088 4089 quasi
1105 4024 1193 4069 saneta
1210 4013 1385 4082 habebantur,
1407 4015 1473 4071 hanc
1490 4017 1649 4090 singularem
1666 4023 1797 4137 quandam

287 4106 468 4163 auctoritatem
485 4102 608 4160 ridentur
625 4102 758 4159 tribuisse.

244 4202 268 4268 ¹)
287 4195 329 4252 De
348 4192 422 4250 Orat.
440 4192 472 4250 ll.
491 4213 514 4250 c.
533 4197 574 4250 13.
591 4196 711 4266 §.256,
710 4194 778 4258 ,hos
802 4195 898 4250 ls'lsrns
921 4205 987 4250 mssa
1010 4195 1173 4264 scripsisse
1194 4194 1340 4248 dicitur*
1363 4189 1612 4267 (Thucydidas)„
1612 4215 1692 4262 ,cum
1706 4216 1729 4256 a
1748 4220 1796 4259 re.

263 4286 421 4359 ffpchstca
418 4292 574 4346 semotus,
594 4293 694 4356 arpos,
713 4284 748 4338 id
763 4286 844 4356 quod
859 4286 971 4356 optimo
989 4287 1098 4356 cuipas
1109 4285 1239 4339 Athenis
1252 4284 1528 4340 accideresalitassn
1541 4295 1599 4350 ess,
1616 4289 1798 4349 s'sssaes'ls'aem

285 4377 398 4449 palsas
417 4379 527 4430 essct.“

243 4466 271 4533 ²)
289 4463 442 4538 Auonymus
459 4470 521 4532 περὶ
538 4459 588 4517 τού
606 4469 683 4518 boos.
700 4467 719 4534 ἦ
736 4464 768 4518 8:
792 4461 864 4533 μετοὶ
880 4461 912 4518 tt
928 4461 979 4533 τήν
999 4463 1121 4536 ἱστορίαν
1139 4471 1206 4536 φασὶ
1223 4461 1406 4530 συντετάχθαι
1422 4459 1463 4532 τῷ
1480 4471 1628 4537 συγγραφεῖ
1645 4464 1681 4522 vd
1697 4474 1796 4538 προοί-

287 4575 364 4623 μιον,
387 4553 443 4608 ἐπεὶ
460 4551 517 4607 τῶν
534 4551 563 4606 ἐν
580 4550 618 4618 τῷ
634 4550 743 4622 πολέμῳ
761 4557 898 4623 μέμνηται
916 4550 1064 4626 γεγονότων
1082 4551 1179 4608 κ.τ..λ
1201 4557 1336 4623 μέμνηται
1354 4551 1382 4607 dd
1402 4552 1432 4608 ἐν
1449 4550 1526 4622 αύτῷ
1546 4552 1656 4623 καὶτῆς
1673 4555 1722 4610 τού
1737 4578 1795 4615 πο.

287 4642 368 4711 λέμου
386 4640 513 4711 τελευτῆς,
532 4640 632 4713 λέγων·
650 4640 677 4694 a‘e
693 4661 745 4709 την
760 4641 886 4710 τελεατην
902 4664 948 4698 τσο
935 4641 978 4696 ιάλι
998 4664 1044 4697 τοι
1031 4624 1189 4711 tinellam.

233 4727 528 4806 efflantem-qaoque
548 4727 717 4787 abaciam
735 4730 877 4806 praeterito
896 4732 1021 4785 usasest
1039 4727 1120 4785 Thac.
1140 4728 1159 4787 l.
1180 4733 1268 4785 elo:
1292 4739 1338 4786 καὶ
1356 4725 1400 4788 ὅτι
1419 4737 1469 4805 μὲν
1486 4729 1612 4800 Μυκῆναι
1629 4733 1728 4853 μικρόν
1745 4727 1792 4803 ἦν.

241 4823 270 4890 ’1)
286 4815 367 4892 Quod
385 4813 564 4891 Kmegeao
538 4837 599 4876 raro
606 4818 762 4875 amanus
778 4817 918 4894 probabile
937 4817 1019 4876 luisse
1036 4817 1070 4890 (l.
1090 4839 1112 4877 c.
1129 4836 1158 4895 p.
1172 4821 1224 4888 68)
1241 4821 1331 4877 miror.
