3952 5648
980 225 1040 313 nt

934 346 1087 358 ........-.-

225 459 333 546 viginti
356 457 516 520 hominum
539 463 657 519 aetates
681 453 826 539 perpessi
848 450 912 514 siut
928 450 1055 530 Graeci,
1078 447 1155 514 nihil
1177 448 1325 534 prolecto
1349 471 1390 514 ne
1413 450 1488 537 tingi
1512 450 1637 537 quidem
1660 454 1802 538 ineptius

222 576 339 653 potest,
362 584 453 649 quam
476 566 502 624 si
527 557 742 644 Thucydides,
765 557 914 643 neglectis
937 556 1031 621 bellis
1054 559 1191 622 Persicis
1215 566 1247 621 et
1273 557 1507 622 Atheniensium
1530 581 1567 621 ac
1590 557 1803 628 Lacedaemo-

223 675 347 736 niorum
371 670 560 754 gravissimis
578 665 617 729 de
635 667 815 751 principatu
832 661 1062 742 certaminibus,
1086 669 1288 758 (quamquam
1304 663 1387 727 illins
1404 664 1528 749 quidem
1544 659 1805 733 iudicio'uullnm

167 827 169 831 r
222 798 360 863 unquam
384 773 656 859 Peloponnesiaco
681 776 778 834 maius
801 793 820 834 a
845 769 976 834 Graecis
999 779 1119 854 gestum
1143 779 1208 831 erat
1232 766 1364 852 bellurn)
1378 771 1418 854 ¹),
1446 771 1531 834 illum
1557 782 1804 838 terraemotum

222 887 263 952 ad
296 907 384 950 snam
415 880 613 969 potissimum
647 888 778 941 aetatem
808 875 924 939 deduci
952 875 1113 941 voluisset.
1166 880 1213 937 Ac
1240 895 1281 938 ne
1307 874 1386 938 illud
1411 877 1541 962 *quidem
1572 878 1803 963 negligendum,

223 1015 305 1080 quae
336 995 374 1054 sit
403 994 435 1052 iu
465 984 608 1048 adversis
637 979 733 1046 rebus
763 993 793 1046 et
817 982 902 1047 bello
926 985 985 1046 iam
1008 980 1212 1066 impendente
1234 980 1443 1046 multitudinis
1466 988 1708 1068 superstitiosae¹
1727 1006 1802 1050 oon-

223 1097 377 1172 suetudo,
401 1095 505 1158 omrria
529 1088 656 1175 quidem
680 1088 730 1152 vel
752 1089 916 1166 levissima,
941 1087 1056 1173 quibus
1080 1087 1184 1151 lutura
1208 1087 1333 1151 ostendi
1356 1109 1392 1150 ac
1416 1092 1555 1176 praedici
1579 1094 1804 1169 existimantur,
1859 1177 1860 1180 Ἴ

228 1227 297 1269 cnm
326 1201 423 1266 morlo
455 1198 534 1261 lacta
562 1207 648 1271 sunt,
677 1217 794 1259 somma
823 1217 898 1259 cura
922 1196 1119 1259 observantis
1143 1204 1174 1258 et
1196 1197 1229 1257 in
1252 1193 1388 1258 medinm
1412 1196 1612 1282 proterentis3
1640 1197 1691 1260 illa
1714 1217 1805 1274 vero,

225 1332 306 1397 qnae
328 1311 387 1370 iarn
411 1307 537 1387 antiqua
559 1313 589 1365 et
606 1301 752 1366 obsoleta
769 1311 851 1379 sunt,
874 1302 955 1367 haud
973 1303 1064 1365 facile
1080 1304 1227 1364 memoria
1243 1304 1431 1386 repetentis;
1455 1301 1571 1366 nedum
1588 1315 1622 1367 nt
1637 1304 1689 1382 illi,
1712 1301 1807 1387 quod

225 1426 297 1480 ante
320 1413 540 1492 sexagesimum
564 1408 630 1471 lere
653 1429 769 1472 annum
795 1410 938 1472 evenisse
962 1407 1140 1485 dicebatur,
1170 1417 1320 1492 portento
1348 1407 1441 1471 ullam
1470 1410 1503 1472 in
1530 1412 1567 1472 iis
1596 1409 1691 1473 rebus
1720 1431 1808 1499 quae

225 1533 291 1585 tum
315 1517 515 1583 imminebant
539 1518 599 1577 vim
624 1514 778 1577 tribuerit.
824 1514 1011 1578 Herodotus
1035 1525 1153 1591 etitem,
1176 1535 1246 1577 cnm
1271 1523 1302 1576 et
1325 1516 1394 1599 ipse
1416 1515 1472 1578 illo
1495 1527 1583 1578 motu
1608 1516 1807 1579 Graecorum

225 1629 309 1690 inter
336 1647 369 1688 se
393 1617 561 1686 certamina
585 1618 734 1706 portendi
758 1618 884 1699 dixerit,
912 1642 978 1685 non
1002 1631 1104 1684 tamen
1127 1618 1201 1682 ideo
1231 1621 1272 1689 in
1293 1619 1425 1683 eandem
1454 1623 1735 1707 reprehensionem
1756 1623 1808 1691 in-

226 1753 353 1796 currere
375 1728 550 1815 putandus,
580 1730 699 1814 quippe
722 1729 775 1811 qui
800 1725 839 1789 de
863 1736 1000 1816 utroque
1023 1727 1109 1791 bello
1143 1725 1301 1790 disserens
1329 1723 1370 1788 ad
1395 1736 1493 1791 totum
1518 1738 1639 1814 tempus
1664 1729 1807 1812 quamvis

227 1836 408 1902 diuturnum
439 1857 498 1898 sno
528 1837 595 1897 iure
625 1835 783 1917 respicere
816 1835 965 1917 potuerit.
1017 1835 1187 1918 Repugnat
1214 1830 1352 1915 denique
1384 1834 1660 1920 Wesselingianae
1691 1835 1809 1898 rationi

226 1947 317 2008 etiam
340 1944 471 2017 Seneca,
494 1939 635 2004 Natural.
653 1938 785 2022 Quaest.
803 1939 860 2014 Vl,
885 1961 908 2002 c.
926 1943 981 2008 26:
1005 1935 1240 2027 „Thucydides
1266 1935 1323 2018 oit,
1348 1947 1453 2003 anteo
1476 1938 1617 2028 quidem
1633 1937 1808 2003 immotum

219 2046 358 2135 fuisse“
383 2047 538 2128 (Delum),
562 2096 578 2124 „
600 2043 664 2109 sed
685 2043 797 2108 circo
818 2042 1149 2130 Peloponnesiacum
1173 2041 1297 2107 bellurn
1321 2041 1528 2110 tremuisset

359 2154 423 2216 lam
459 2173 554 2237 quum
594 2172 653 2214 nec
690 2151 814 2213 Wassii
851 2172 910 2213 nec
934 2150 1146 2235 Wesselingii
1187 2149 1354 2234 explicatio
1392 2150 1458 2214 ullo
1497 2162 1592 2238 pacto
1629 2150 1807 2239 probanda,

229 2282 373 2348 quaeque
398 2282 415 2322 a
438 2254 629 2342 Thucydide
656 2266 872 2320 memorantur
900 2254 939 2319 ad
967 2256 1060 2319 elium
1088 2255 1210 2320 insulae
1238 2265 1406 2321 tremorem
1433 2269 1577 2342 spectare
1605 2259 1807 2324 manifestum

229 2371 277 2446 sit,
301 2364 469 2429 videndum
494 2374 554 2440 est,
584 2361 660 2447 qnid
685 2361 724 2426 de
747 2361 918 2426 Herodoto
942 2368 1125 2439 statuamus,
1153 2384 1227 2426 num
1252 2366 1369 2427 erroris
1393 2385 1463 2426 eum
1486 2367 1658 2449 gravissimi
1681 2388 1718 2429 ac
1740 2376 1812 2429 tnr-

228 2475 348 2558 pissimi
376 2471 603 2545 insimulemus,
635 2491 676 2532 au
708 2469 813 2552 aliqua
846 2489 882 2531 ex
913 2481 1003 2552 parte
1033 2472 1173 2532 excusari
1200 2468 1313 2554 possit.
1356 2470 1433 2533 llllilri
1460 2470 1588 2554 quidem
1615 2471 1712 2536 verba
1740 2475 1811 2536 eius

157 2646 159 2653 ,
229 2578 409 2664 diligentius
440 2574 653 2638 consideranti
678 2595 718 2637 ne
746 2577 815 2658 ipse
845 2572 971 2658 quidem
1000 2574 1187 2639 Herodotus
1214 2597 1356 2660 maguam
1381 2574 1507 2642 videtur
1534 2578 1608 2662 huic
1635 2581 1680 2642 rei
1710 2576 1814 2644 fidem

228 2681 385 2747 habuisse.
424 2683 559 2744 Primum
585 2681 665 2741 enim
689 2679 816 2742 illud
789 2705 834 2755 ως
855 2682 973 2765 ἔλεγον
995 2674 1184 2783 oiArliror,
1193 2680 1286 2764 quod
1310 2703 1377 2744 non
1398 2691 1459 2745 tam
1484 2681 1525 2746 ad
1549 2686 1713 2769 sequentia
1736 2684 1814 2762 (καὶ

229 2785 344 2878 septica
367 2782 467 2850 καὶ“
446 2807 574 2848 υσιατα
596 2784 700 2874 μέχρι
720 2780 801 2866 ἐμεῦ
824 2787 1011 2857 σεισθεῖσα)
1041 2806 1134 2866 quom
1157 2784 1198 2847 ad
1222 2795 1316 2848 totam
1341 2792 1539 2864 sententiani,
1565 2790 1614 2853 vel
1638 2791 1746 2874 potina
1770 2788 1814 2856 ad

230 2895 335 2976 priora
360 2879 662 2983 (Arpioee‘mrririp)
687 2885 889 2949 referendum
914 2897 1002 2970 puto,
1026 2909 1160 2970 quanam
1185 2888 1243 2951 elia
1268 2888 1308 2952 de
1332 2910 1451 2966 caussa,
1477 2914 1572 2976 quum
1597 2917 1634 2957 ex
1658 2895 1726 2960 aliis
1748 2899 1814 2979 nisi

232 3018 269 3061 ex
284 2994 386 3060 Deliis
410 2991 490 3055 illud
514 2994 665 3075 cognosci
688 3010 754 3054 non
778 2995 926 3074 potuerit,
950 2990 1090 3056 additum
1114 3004 1169 3071 est,
1193 3017 1284 3079 quam
1310 2994 1398 3079 qnod
1421 2998 1480 3082 ipsi
1498 3021 1628 3085 quoqne
1645 3003 1815 3070 verisimile

231 3100 396 3166 nonfuit?
442 3098 515 3182 Qua
544 3100 577 3161 iu
605 3118 639 3160 re
669 3099 760 3159 etiam
785 3095 1029 3161 Valckenarinm
1059 3100 1160 3164 habeo
1190 3112 1365 3181 auctorem,
1398 3114 1429 3168 et
1454 3107 1558 3190 ipsum
1586 3112 1646 3171 iam
1670 3109 1815 3175 similiter

231 3204 435 3269 iudicantem:
458 3200 591 3291 „Quod
604 3200 763 3267 odditur“
787 3205 916 3288 (inquit)
940 3203 1006 3295 „eie
1021 3205 1158 3293 λέγουσι
1174 3203 1305 3300 Δήλιοι,
1329 3218 1505 3291 monstrat,
1522 3221 1560 3275 ut
1571 3222 1668 3299 puto,
1684 3224 1816 3282 motum

232 3311 343 3386 istum,
365 3332 463 3399 quern
486 3319 558 3374 tum
581 3305 730 3394 sensisse
755 3306 957 3374 ridebuntur
979 3309 1083 3392 Dent,
1107 3335 1174 3378 rem
1192 3312 1338 3378 Graecis
1357 3315 1492 3400 possim
1516 3316 1668 3406 ignotam
1690 3317 1816 3406 fuisso,

235 3415 289 3481 uel
314 3415 511 3480 dubitanter
534 3419 741 3500 receptum.“
785 3416 891 3498 Atque
918 3427 951 3480 nt
980 3418 1058 3480 haec
1081 3417 1240 3483 Herodoti
1269 3418 1424 3484 dubitatio
1449 3429 1544 3509 magis
1567 3429 1657 3490 etiam
1680 3426 1816 3507 eluceat,

233 3525 347 3587 reiecta
371 3526 520 3598 omnium,
549 3519 637 3610 quod
662 3522 768 3596 sciam,
791 3524 1005 3586 recentiorum
1029 3521 1204 3589 editionum
1227 3524 1368 3590 lectione
1392 3524 1451 3608 (oie
1471 3528 1589 3616 ἔλεγον
1610 3535 1646 3598 οἱ
1666 3532 1816 3626 Δήλιοι),

234 3631 351 3691 omisso
368 3649 438 3688 cunr
455 3627 555 3690 tribus
572 3628 696 3711 optimis
713 3626 879 3690 codicibus
902 3629 1000 3709 (lllled.
1017 3629 1101 3692 Pass.
1119 3631 1209 3709 Ask.)
1232 3632 1376 3709 articulo,
1399 3632 1451 3696 vel
1471 3631 1515 3710 ὠς
1529 3634 1661 3724 λέγουσι
1676 3634 1814 3728 Δήλιοι,

235 3731 323 3824 quod
352 3734 445 3817 vulgo
473 3732 647 3817 legebatur,
677 3733 729 3796 vel
760 3756 829 3797 cum
856 3734 965 3797 iisdem
994 3735 1127 3819 aliisque
1154 3736 1297 3801 libris
1270 3764 1315 3815 ως
1341 3739 1459 3827 ἔλεγον
1482 3737 1637 3832 Δήλιοι
1630 3765 1662 3806 ιιι
1687 3756 1815 3826 textum,

236 3859 329 3924 quem
349 3848 472 3916 vocant,
496 3836 715 3922 recipiendum
732 3836 826 3903 duco
872 3840 918 3903 lta
942 3841 1117 3905 nonnulli
1140 3845 1440 3923 tantnmexDeliis,
1465 3851 1815 3947 quiappropinqnante

235 3944 371 4008 hostium
397 3942 580 4008 terribilium
609 3942 709 4007 classe
738 3965 775 4007 ex
803 3944 905 4010 insula
934 3946 1122 4042 effugerant,
1153 3970 1223 4012 cnm
1251 3949 1292 4014 ad
1320 3953 1506 4017 evertendas
1536 3955 1631 4019 urbes
1656 3959 1815 4026 Eretriam

237 4060 332 4134 atque
361 4051 499 4115 Athenas
529 4052 846 4136 praeternavigasset,
879 4055 1117 4137 superstitione,
1143 4064 1179 4118 nt
1205 4054 1316 4134 fit,1n
1342 4067 1430 4124 tanto
1458 4082 1576 4147 pavore
1605 4066 1701 4151 capti,
1727 4064 1817 4132 hunc

236 4156 298 4222 sibi
320 4165 438 4219 motum
462 4157 599 4221 sensisse
591 4147 822 4222 videbantur.
867 4161 947 4224 Tum
971 4180 1047 4224 vero
1071 4181 1112 4235 ne
1135 4159 1214 4224 illud
1238 4163 1365 4248 quidem
1388 4163 1573 4250 scriptorem
1596 4169 1718 4249 lelellit,
1741 4170 1817 4238 fore

237 4273 273 4328 ut
294 4263 373 4327 haec
395 4283 445 4323 res
468 4263 585 4346 passim
608 4260 806 4326 aGraecis
798 4286 831 4329 m
854 4263 985 4329 dubium
1009 4249 1184 4344 vocaretur,
1206 4267 1345 4355 ideoque
1369 4293 1435 4334 eam
1458 4273 1489 4334 iu
1513 4275 1720 4357 sequentibus
1736 4300 1817 4362 pro-

237 4368 313 4433 bare
347 4376 492 4442 conatur,
530 4378 560 4431 et
589 4390 625 4431 ea
653 4367 746 4431 allata
779 4372 917 4447 ratione,
951 4371 1038 4455 qnod
1071 4381 1118 4436 tot
1148 4372 1209 4438 illis
1240 4375 1446 4461 temporibus
1465 4378 1545 4442 mala
1574 4381 1722 4516 perpessi
1751 4388 1818 4451 sint

241 4473 371 4554 Graeci,
404 4476 447 4536 ita
474 4475 589 4556 pergit.
620 4471 721 4542 οὕτω
752 4470 868 4543 οὐδὲν
848 4470 944 4570 νῆν
974 4474 1106 4555 ἀεικὲς
1135 4478 1326 4575 κινηθῆναι
1353 4483 1483 4579 Δῆλον,
1513 4481 1555 4553 sd
1582 4488 1661 4581 πρὶν
1688 4487 1817 4563 ἐοῦσαν

239 4573 442 4672 ἀκίνητον,
433 4600 452 4642 1.
471 4599 526 4654 e,
528 4576 593 4656 ‚ita
614 4601 693 4646 non
714 4581 856 4648 mirum
880 4591 975 4648 erat
998 4584 1238 4650 contremuisse
1259 4583 1396 4672 Delum,
1420 4611 1496 4656 curn
1518 4596 1619 4658 anteo
1642 4595 1769 4660 esset
1753 4621 1817 4663 rm·

240 4730 449 4743 ———-

273 4807 297 4874 ¹)
315 4800 396 4860 Thoe
413 4802 434 4862 1.
452 4825 474 4865 c.
492 4809 508 4863 l
527 4815 555 4864 et
571 4810 605 4864 21
625 4787 692 4866 ersi.
