3952 5648
954 246 1010 332 ll

906 371 1061 381 ..—.—--

199 469 409 547 Chersonesi¹
421 493 524 560 agros
542 479 576 535 et
592 467 642 534 ad
649 468 842 534 ¹latrocinia
858 490 933 533 sese
950 468 1159 534 convertisse
1175 479 1344 539 constct.“
1366 473 1417 536 De
1432 472 1492 534 hac
1507 483 1609 538 autem
1624 471 1774 537 vocabuli

165 642 167 646 .
196 573 365 670 ἐρύματος
387 580 427 654 vi,
452 579 570 666 quippe
594 597 675 660 quae
697 578 726 636 ei
750 579 881 660 propria
904 578 951 653 sit,
975 578 1123 660 quoniam
1146 576 1223 638 nibil
1247 581 1356 641 attinet
1378 581 1507 642 omnino
1525 579 1690 658 disserere,
1713 582 1775 648 iam

196 705 233 747 ea
257 706 339 768 quae
363 705 399 746 ex
423 685 554 746 Homeri
578 679 766 744 carminibus
790 681 830 743 ad
854 680 1102 746 confirmandam
1125 681 1365 767 explicationem
1389 696 1528 748 nostram
1551 684 1691 770 indagari
1715 705 1773 768 po-

192 798 323 854 tuerunt
353 791 482 873 vestigia
513 808 720 874 apponamus.
765 789 873 852 Nares
902 791 995 872 igitur
1026 786 1223 851 Graecorum
1252 791 1286 851 in
1315 811 1389 873 agro
1419 793 1560 855 Troiano
1589 811 1657 853 non
1683 789 1773 855 nudo

193 895 267 969 solo
297 893 436 972 stabant,
467 892 524 956 sed
552 894 652 983 longis
676 891 819 957 trabibus
842 893 895 959 vel
917 894 1094 979 phalangis,
1123 896 1212 979 quasi
1235 894 1446 959 fundamentis
1471 893 1672 986 quibusdam,
1701 895 1774 960 sub-

194 1003 310 1080 stratis,
333 1001 371 1064 ll.
387 1028 419 1068 α.
442 1023 472 1064 v.
488 1005 553 1069 485
569 1021 615 1084 sq.

512 1103 579 1197 νῆα
600 1103 666 1190 μέν
688 1109 758 1192 οἵγε
779 1107 950 1191 μέλαιναν
972 1102 1020 1173 ἐπ’
1042 1100 1194 1198 ἠπείροιο
1217 1109 1365 1199 ἔρυσσαν

510 1210 603 1301 ὑψοῦ
625 1214 676 1280 ἐπὶ
698 1207 893 1302 ψαμάθοις,
917 1209 982 1280 ὑπό
1004 1209 1033 1281 δ’
1056 1215 1213 1305 ἕρματα
1235 1210 1375 1306 μακροὶ
1397 1208 1580 1281 τάνυσσαν.

193 1322 260 1388 Ubi
275 1322 472 1386 Eustatbius:
496 1314 575 1386 Εἰσὶ
597 1315 635 1385 δέ
658 1318 721 1387 νῦν
744 1325 875 1445 ἕρματα
897 1314 941 1388 τό
960 1319 1167 1405 ὑποκείμενα
1181 1325 1255 1395 ταῖς
1270 1321 1392 1386 ναυσὶν
1408 1323 1444 1388 ἐκ
1459 1315 1569 1402 ξόλοον
1584 1320 1775 1411 ἐρείσματα,

193 1426 242 1524 ἐφ’
270 1425 319 1496 ὧν
345 1433 386 1495 αἱ
411 1423 488 1519 νῆες
510 1425 764 1516 ἐρεί““δονται,
740 1454 763 1493 α
787 1422 828 1520 δη
850 1421 939 1494 κατοῖ
960 1420 1119 1514 τεχνικήν
1140 1452 1218 1492 τινα
1240 1425 1392 1512 γλῶτταν
1413 1423 1576 1495 καλοῦσιν
1599 1455 1633 1495 οι
1626 1427 1776 1495 πολλοὶ

194 1532 426 1631 patrimoni.
446 1554 473 1597 e.
496 1525 679 1626 φάλαγγες,
701 1533 883 1619 phalangae,
907 1533 991 1617 apud
1016 1553 1088 1595 nos:
1114 1532 1291 1596 Walzen.
1338 1532 1418 1597 lbid.
1434 1536 1470 1621 β.
1489 1539 1550 1603 lbl
1568 1555 1636 1618 sqq

852 1676 890 1691 ·-
914 1634 1017 1706 told
1041 1633 1223 1725 α’λλήλοισι
1244 1639 1394 1717 κέλευον,

512 1742 684 1813 απτεσδαι
705 1743 806 1839 νηῶν,
827 1740 880 1837 ἠδ
902 1746 1041 1829 ἑλκέμεν
1062 1771 1111 1821 εις
1132 1741 1200 1810 ἅλα
1223 1748 1311 1823 δῖαν,

511 1847 660 1944 ου’ροός
682 1847 709 1918 τ’
731 1848 1032 1943 ἐξεκάθαιρον·
1058 1845 1143 1943 α’ότη
1164 1847 1194 1917 δ’
1217 1845 1368 1942 οὐρανόν
1391 1851 1461 1935 ἷκεν

512 1963 628 2026 οἶκαδε
651 1959 809 2045 ἱεμένων·
832 1954 901 2025 ὑπό
923 1952 951 2025 δ’
975 1955 1078 2051 ᾕρεον
1101 1961 1258 2049 ἕρματα
1280 1955 1399 2052 νηιόν.

193 2070 346 2156 ΑροΙΙοο.
369 2068 430 2135 lex.
456 2069 550 2131 Hom.
575 2087 598 2129 s.
622 2088 651 2130 v,
674 2061 791 2158 οὐρός·
815 2065 986 2152 λέγεικαὶ
1009 2057 1146 2155 ου’ροός,
1170 2057 1248 2139 τούς
1270 2061 1395 2141 τόπους
1417 2067 1454 2134 ἕν
1476 2063 1527 2142 οἷς
1548 2060 1777 2158 ἕνεεόλκηνται

193 2179 236 2243 αἱ
255 2173 348 2268 νῆες·
372 2167 466 2266 παρα
487 2169 527 2240 τό
548 2172 733 2258 ἑλκομένας
756 2171 817 2248 τοῖς
840 2172 926 2247 ναῦς
948 2165 1087 2261 όροόειν
1108 2163 1155 2246 εἰς
1178 2165 1240 2261 την
1262 2167 1460 2241 θάλασσαν.
1485 2173 1525 2235 ad
1542 2195 1622 2257 quae
1637 2171 1775 2236 Villois.:

192 2279 388 2358 „Dicuntur
421 2288 454 2344 et
485 2272 653 2370 νεοόρια,
689 2274 897 2343 παραλία·
951 2275 1100 2338 Similiter
1128 2275 1247 2338 scholia
1278 2277 1447 2360 explicant:
1479 2275 1524 2344 τοῖ
1551 2277 1777 2373 ταφροειδῆ

193 2381 422 2477 ὀρύγματα,
445 2383 487 2453 δι’
509 2380 558 2451 ὦν
581 2389 622 2451 αἱ
640 2383 719 2474 νῆες
741 2382 975 2451 καιδέλκονται
997 2375 1046 2457 εἰς
1068 2382 1131 2473 τήν
1153 2379 1344 2449 δόλασσαν.
1383 2382 1496 2449 Castra
1518 2406 1595 2449 vero
1618 2389 1686 2471 ipsa
1710 2406 1776 2449 non

192 2503 309 2556 temere
332 2514 370 2556 ac
391 2493 534 2569 fortuito,
558 2491 615 2555 sed
641 2502 729 2554 certo
754 2500 785 2554 et
808 2488 959 2574 prudenti
975 2487 1114 2572 quodam
1130 2488 1265 2552 consilio
1281 2488 1392 2567 locata,
1417 2501 1449 2552 et
1464 2493 1586 2576 navigia
1602 2492 1775 2557 artificioso

193 2597 333 2679 quodam
358 2597 509 2660 ordinet
509 2600 592 2661 uisse
617 2597 772 2683 disposita
794 2595 957 2674 videntur,
980 2594 1078 2679 idque
1102 2593 1206 2680 colligi
1229 2617 1325 2680 posse
1348 2599 1465 2681 opinor
1488 2619 1525 2661 ex
1547 2598 1679 2663 Homeri
1700 2598 1775 2663 loco

197 2721 384 2819 quamquam
408 2699 517 2783 paullo
542 2701 739 2777 obscuriore,
764 2703 799 2764 ll.
815 2707 840 2779 ξ.
864 2725 893 2763 v.
910 2706 1066 2767 :tn-36:

510 2800 638 2870 πολλον
659 2801 724 2895 γάρ
749 2828 771 2893 ρ
804 2798 981 2868 απόνευδε
1002 2797 1117 2891 μόχης
1139 2795 1273 2926 εἰρύατο
1295 2802 1407 2896 νῆεςῑ)

510 2904 620 2976 θῖν’
603 2905 653 3002 εφ’
675 2903 756 2984 ἁλος
777 2906 908 3000 πολιῆς·
931 2933 993 2983 τας
1015 2934 1082 3001 γαρ
1105 2901 1282 3000 πριόιαςλλ
1298 2910 1454 2975 πεδίονδε
1564 2905 1568 2915 ’

510 3020 660 3106 εἴρυσαν,
682 3010 797 3107 αυτόρ
820 3021 932 3100 τεῖχος
954 3013 1007 3081 ἐπὶ
1028 3009 1218 3106 πρόμνησιν
1239 3014 1424 3097 ε’δειμανθ).

511 3117 593 3188 ου’δέ
613 3115 680 3211 γοὶρ
703 3115 784 3202 οὐδ’,
808 3114 908 3210 εὐρός
929 3146 990 3212 περ
1013 3115 1087 3199 teir,
1112 3117 1300 3208 ἐδυνήσατο
1322 3114 1431 3195 πόσας

511 3222 670 3314 αἰγιαλός
693 3224 779 3313 νῆας
802 3225 954 3313 χαδέειν·
979 3229 1148 3293 στείνοντο
1171 3224 1209 3292 δέ
1231 3230 1319 3293 λαοί.

510 3332 558 3422 τῷ
581 3336 629 3426 ῥα
652 3328 916 3425 προκρόσσας
937 3335 1101 3424 ἔρυσαν,
1123 3333 1180 3398 καὶ
1202 3331 1335 3425 πλῆσαν
1358 3331 1489 3429 ἁπάσης

511 3437 628 3566 η’ϊόνος
651 3436 761 3526 στόμα
784 3435 931 3530 μακρόν,
954 3435 1037 3504 ὅσον
1058 3441 1299 3531 συνεέργαθον
1321 3436 1437 3533 όκραι.

193 3554 275 3617 Nam
304 3571 402 3614 naves
425 3543 663 3642 προκρόσσας,
694 3545 803 3630 quales
832 3549 907 3622 sint,
940 3544 1063 3607 scholia'
1086 3547 1225 3622 Veneta,
1257 3557 1291 3608 ut
1320 3553 1414 3611 ceteri
1438 3552 1626 3682 interpretqs
1648 3564 1773 3620 veteres

194 3661 386 3734 omittantur,
411 3660 529 3740 optime
553 3655 773 3739 explanarunt:
796 3646 854 3727 τας
876 3644 1088 3741 κλιμακηδον
1109 3654 1422 3744 νενεωλκημένας(
1404 3656 1520 3749 ετέρας
1539 3683 1625 3750 προς
1638 3663 1772 3754 ετεριον,

194 3761 275 3840 τόςτε
290 3760 509 3855 θεατροειδες
524 3762 712 3854 φαίνεσθαι
725 3785 764 3825 το
756 3751 959 3825 νειόλκιον·
978 3755 1120 3849 κρόσσαι
1135 3784 1200 3850 γαρ
1215 3784 1252 3824 αι
1245 3763 1437 3845 κλιμακος.
1453 3761 1550 3847 idque
1567 3763 1628 3828 alio
1641 3768 1773 3832 Homeri

194 3871 268 3935 loco
286 3869 501 3945 confirmatur,
517 3868 551 3933 ll.
562 3894 590 3933 κ.
607 3890 634 3929 v.
647 3871 744 3935 66-
756 3858 939 3931 πολλαὶ
894 3890 961 3955 γαρ
976 3856 1046 3929 α’να
1060 3888 1205 3955 στρατον
1219 3890 1284 3932 εισι
1298 3867 1495 3950 κελευδοι)
1519 3870 1636 3934 Eadem
1651 3876 1774 3940 ratione

192 3979 256 4042 hoc
272 3975 460 4040 adiectiuum
476 3969 687 4068 πρόκροσσαι
703 3971 743 4035 de
759 3973 868 4035 Xerxis
885 3968 1020 4034 navibus
1044 3968 1212 4033 adhibetur
1234 3970 1274 4034 ab
1292 3974 1463 4039 Herodoto
1486 3975 1626 4057 lib.V11,
1651 4001 1676 4044 c.
1696 3987 1771 4052 188:

193 4142 402 4155 ...β-

221 4228 244 4293 ¹)
264 4222 351 4280 Nares
371 4231 432 4277 sunt
450 4220 597 4288 Diomedis,
615 4217 731 4294 Ulyssis,
749 4219 962 4292 Agamemnonis,
981 4217 1008 4272 in
1026 4215 1104 4271 litore
1122 4234 1207 4294 prope
1225 4235 1298 4272 mare
1315 4221 1479 4290 constitutae,
1497 4219 1530 4280 ll.
1549 4249 1567 4282 ι.
1585 4244 1611 4282 v.
1623 4227 1658 4281 43
1675 4242 1727 4299 sq:

847 4339 881 4350 -
899 4303 961 4376 νῆες
979 4305 1009 4362 δέ
1026 4328 1070 4362 τοι
1088 4304 1163 4380 ἄγχι
1182 4307 1352 4376 θαλάσσης

704 4397 800 4464 ἵσταο,
819 4399 850 4452 αἵ
867 4419 911 4451 τοι
929 4397 1025 4451 ἕποντο
1043 4395 1207 4466 Mumivqfrev
1223 4395 1297 4470 μάλα
1314 4397 1421 4454 πολλαί.

220 4495 242 4525 ’“
237 4488 303 4560 )Ut
320 4487 460 4546 Protesilai
479 4496 506 4543 et
523 4487 609 4544 Aiacis
627 4485 705 4554 Oilei,
724 4485 755 4541 cl.
773 4505 851 4563 supra
869 4505 896 4589 p.
909 4488 933 4542 9.
951 4489 1034 4540 nobb
1052 4492 1079 4541 et
1095 4486 1121 4540 6.

221 4583 247 4652 ³)
266 4575 356 4634 Murus
373 4581 453 4653 igitur
471 4575 618 4632 Nestoreos
640 4596 692 4631 non
715 4584 797 4630 totam
819 4576 923 4630 navium
946 4571 1136 4646 longitudinem
1159 4573 1291 4630 obtinebat
1313 4575 1344 4631 ab
1369 4597 1421 4634 uno
1440 4580 1619 4656 promontorio
1638 4584 1771 4660 usquead

264 4666 383 4733 alterum,
402 4666 429 4722 id
448 4661 545 4745 quod
538 4684 588 4720 ram
606 4684 656 4751 per
667 4683 697 4718 se
711 4686 724 4740 a
739 4663 1004 4721 verisimilitudine
978 4665 1055 4718 minis
1069 4662 1231 4733 abhorreret,
1250 4665 1297 4722 sed
1310 4668 1420 4765 primam
1438 4676 1536 4723 tantum
1553 4667 1656 4728 illarum
1675 4676 1769 4730 seriem

265 4766 298 4811 et
309 4754 445 4810 formase'
438 4776 464 4812 ιο
483 4753 638 4812 semicirculi
656 4756 768 4810 maxime
786 4757 901 4832 speciem
920 4752 1148 4830 complectebatur.

218 4850 245 4916 ⁴)
264 4841 468 4900 Lecbevalierl.
486 4866 508 4902 c.
527 4865 553 4922 p.
567 4847 618 4900 146
636 4862 695 4920 sqq.

1526 4956 1561 5009 2.
