<?xml version="1.0" encoding="UTF-8"?>
<!DOCTYPE html PUBLIC "-//W3C//DTD XHTML 1.0 Transitional//EN"
    "http://www.w3.org/TR/xhtml1/DTD/xhtml1-transitional.dtd">
<html xmlns="http://www.w3.org/1999/xhtml" xml:lang="en" lang="en">
 <head>
  <title>
</title>
<meta http-equiv="Content-Type" content="text/html;charset=utf-8" />
  <meta name='ocr-system' content='tesseract 3.04.00' />
  <meta name='ocr-capabilities' content='ocr_page ocr_carea ocr_par ocr_line ocrx_word'/>
</head>
<body>
  <div class='ocr_page' id='page_1' title='image "./dethucydideethe00salogoog_0041.png"; bbox 0 0 3952 5648; ppageno 0'>
   <div class='ocr_carea' id='block_1_1' title="bbox 922 235 1075 364">
    <p class='ocr_par' dir='ltr' id='par_1_1' title="bbox 922 235 1075 364">
     <span class='ocr_line' id='line_1_1' title="bbox 922 235 1075 364; baseline 0 -1"><span class='ocrx_word' id='word_1_1' title='bbox 922 235 1075 364; x_wconf 41' lang='lat'><strong>..3³3³-</strong></span> 
     </span>
    </p>
   </div>
   <div class='ocr_carea' id='block_1_2' title="bbox 108 445 1813 4531">
    <p class='ocr_par' dir='ltr' id='par_1_2' title="bbox 161 445 1813 3106">
     <span class='ocr_line' id='line_1_2' title="bbox 161 445 1787 551; baseline 0.001 -21"><span class='ocrx_word' id='word_1_2' title='bbox 161 445 163 448; x_wconf 26' lang='lat'><em>⁴</em></span> <span class='ocrx_word' id='word_1_3' title='bbox 206 465 270 530; x_wconf 83' lang='lat' dir='ltr'><strong>dux</strong></span> <span class='ocrx_word' id='word_1_4' title='bbox 286 474 353 530; x_wconf 87' lang='lat' dir='ltr'><strong>erat</strong></span> <span class='ocrx_word' id='word_1_5' title='bbox 367 463 640 547; x_wconf 87' lang='lat' dir='ltr'><strong>Amompharetus,</strong></span> <span class='ocrx_word' id='word_1_6' title='bbox 662 458 748 523; x_wconf 92' lang='lat' dir='ltr'><strong>band</strong></span> <span class='ocrx_word' id='word_1_7' title='bbox 763 480 839 524; x_wconf 89' lang='lat' dir='ltr'><strong>sane</strong></span> <span class='ocrx_word' id='word_1_8' title='bbox 856 457 1107 525; x_wconf 82' lang='lat' dir='ltr'><strong>contemnendae</strong></span> <span class='ocrx_word' id='word_1_9' title='bbox 1123 457 1340 538; x_wconf 90' lang='lat' dir='ltr'><strong>multitudinis,</strong></span> <span class='ocrx_word' id='word_1_10' title='bbox 1363 470 1458 545; x_wconf 85' lang='lat' dir='ltr'><strong>prout</strong></span> <span class='ocrx_word' id='word_1_11' title='bbox 1472 471 1549 526; x_wconf 92' lang='lat' dir='ltr'><strong>tunc</strong></span> <span class='ocrx_word' id='word_1_12' title='bbox 1569 462 1679 528; x_wconf 89' lang='lat' dir='ltr'><strong>saltem</strong></span> <span class='ocrx_word' id='word_1_13' title='bbox 1700 466 1787 551; x_wconf 92' lang='lat' dir='ltr'><strong>apud</strong></span> 
     </span>
     <span class='ocr_line' id='line_1_3' title="bbox 206 546 1787 647; baseline 0.003 -29"><span class='ocrx_word' id='word_1_14' title='bbox 206 555 349 620; x_wconf 88' lang='lat' dir='ltr'><strong>Graecos</strong></span> <span class='ocrx_word' id='word_1_15' title='bbox 373 563 440 617; x_wconf 92' lang='lat' dir='ltr'><strong>erat</strong></span> <span class='ocrx_word' id='word_1_16' title='bbox 464 554 626 636; x_wconf 88' lang='lat' dir='ltr'><strong>copiarum</strong></span> <span class='ocrx_word' id='word_1_17' title='bbox 648 571 807 614; x_wconf 88' lang='lat' dir='ltr'><strong>numerus.</strong></span> <span class='ocrx_word' id='word_1_18' title='bbox 831 587 874 600; x_wconf 91' lang='lat'>-</span> <span class='ocrx_word' id='word_1_19' title='bbox 896 553 961 615; x_wconf 90' lang='lat' dir='ltr'><strong>Iam</strong></span> <span class='ocrx_word' id='word_1_20' title='bbox 983 570 1060 612; x_wconf 89' lang='lat' dir='ltr'><strong>vero</strong></span> <span class='ocrx_word' id='word_1_21' title='bbox 1077 546 1156 611; x_wconf 92' lang='lat' dir='ltr'><strong>illud</strong></span> <span class='ocrx_word' id='word_1_22' title='bbox 1173 548 1342 612; x_wconf 88' lang='lat' dir='ltr'><strong>discrimen</strong></span> <span class='ocrx_word' id='word_1_23' title='bbox 1358 552 1441 612; x_wconf 86' lang='lat' dir='ltr'><strong>inter</strong></span> <span class='ocrx_word' id='word_1_24' title='bbox 1454 546 1570 642; x_wconf 86' lang='grc' dir='ltr'><em>μόραν</em></span> <span class='ocrx_word' id='word_1_25' title='bbox 1587 550 1787 647; x_wconf 87' lang='grc' dir='ltr'><em>Πιτανάτην</em></span> 
     </span>
     <span class='ocr_line' id='line_1_4' title="bbox 205 635 1786 733; baseline -0.001 -25"><span class='ocrx_word' id='word_1_26' title='bbox 205 654 236 707; x_wconf 90' lang='lat' dir='ltr'><strong>et</strong></span> <span class='ocrx_word' id='word_1_27' title='bbox 258 641 365 729; x_wconf 88' lang='grc' dir='ltr'><em>λόχον</em></span> <span class='ocrx_word' id='word_1_28' title='bbox 391 636 601 733; x_wconf 86' lang='grc' dir='ltr'><em>Πιτανάτην,</em></span> <span class='ocrx_word' id='word_1_29' title='bbox 625 641 684 702; x_wconf 90' lang='lat' dir='ltr'><strong>etsi</strong></span> <span class='ocrx_word' id='word_1_30' title='bbox 706 659 767 701; x_wconf 88' lang='lat' dir='ltr'><strong>nec</strong></span> <span class='ocrx_word' id='word_1_31' title='bbox 789 649 851 700; x_wconf 87' lang='lat' dir='ltr'><strong>tam</strong></span> <span class='ocrx_word' id='word_1_32' title='bbox 875 637 953 701; x_wconf 88' lang='lat' dir='ltr'><strong>exile</strong></span> <span class='ocrx_word' id='word_1_33' title='bbox 976 658 1037 700; x_wconf 89' lang='lat' dir='ltr'><strong>nec</strong></span> <span class='ocrx_word' id='word_1_34' title='bbox 1059 635 1249 721; x_wconf 84' lang='lat' dir='ltr'><strong>Thucydide</strong></span> <span class='ocrx_word' id='word_1_35' title='bbox 1271 636 1434 722; x_wconf 90' lang='lat' dir='ltr'><strong>indignum</strong></span> <span class='ocrx_word' id='word_1_36' title='bbox 1458 660 1528 701; x_wconf 90' lang='lat' dir='ltr'><strong>cum</strong></span> <span class='ocrx_word' id='word_1_37' title='bbox 1553 642 1710 725; x_wconf 89' lang='lat' dir='ltr'><strong>Poppone</strong></span> <span class='ocrx_word' id='word_1_38' title='bbox 1733 643 1786 706; x_wconf 89' lang='lat' dir='ltr'><strong>ba-</strong></span> 
     </span>
     <span class='ocr_line' id='line_1_5' title="bbox 204 723 1787 814; baseline 0.001 -19"><span class='ocrx_word' id='word_1_39' title='bbox 204 729 345 795; x_wconf 89' lang='lat' dir='ltr'><strong>bendum</strong></span> <span class='ocrx_word' id='word_1_40' title='bbox 372 742 427 807; x_wconf 88' lang='lat' dir='ltr'><strong>est,</strong></span> <span class='ocrx_word' id='word_1_41' title='bbox 450 740 555 793; x_wconf 87' lang='lat' dir='ltr'><strong>tamen</strong></span> <span class='ocrx_word' id='word_1_42' title='bbox 579 729 660 790; x_wconf 90' lang='lat' dir='ltr'><strong>banc</strong></span> <span class='ocrx_word' id='word_1_43' title='bbox 683 736 767 788; x_wconf 89' lang='lat' dir='ltr'><strong>certe</strong></span> <span class='ocrx_word' id='word_1_44' title='bbox 791 724 834 789; x_wconf 95' lang='lat' dir='ltr'><strong>ob</strong></span> <span class='ocrx_word' id='word_1_45' title='bbox 859 746 1000 789; x_wconf 81' lang='lat' dir='ltr'><strong>caussam</strong></span> <span class='ocrx_word' id='word_1_46' title='bbox 1016 723 1218 788; x_wconf 89' lang='lat' dir='ltr'><strong>Herodotum</strong></span> <span class='ocrx_word' id='word_1_47' title='bbox 1240 725 1275 788; x_wconf 88' lang='lat' dir='ltr'><strong>in</strong></span> <span class='ocrx_word' id='word_1_48' title='bbox 1299 729 1416 790; x_wconf 84' lang='lat' dir='ltr'><strong>crimen</strong></span> <span class='ocrx_word' id='word_1_49' title='bbox 1435 730 1544 791; x_wconf 89' lang='lat' dir='ltr'><strong>vocari</strong></span> <span class='ocrx_word' id='word_1_50' title='bbox 1563 750 1630 792; x_wconf 92' lang='lat' dir='ltr'><strong>non</strong></span> <span class='ocrx_word' id='word_1_51' title='bbox 1645 735 1787 814; x_wconf 91' lang='lat' dir='ltr'><strong>potuisse</strong></span> 
     </span>
     <span class='ocr_line' id='line_1_6' title="bbox 202 813 1788 906; baseline 0 -23"><span class='ocrx_word' id='word_1_52' title='bbox 202 821 277 883; x_wconf 92' lang='lat' dir='ltr'><strong>hinc</strong></span> <span class='ocrx_word' id='word_1_53' title='bbox 299 823 374 884; x_wconf 88' lang='lat' dir='ltr'><strong>satis</strong></span> <span class='ocrx_word' id='word_1_54' title='bbox 391 820 601 901; x_wconf 75' lang='lat' dir='ltr'><strong>cognoscitur,</strong></span> <span class='ocrx_word' id='word_1_55' title='bbox 623 813 711 899; x_wconf 93' lang='lat' dir='ltr'><strong>quod</strong></span> <span class='ocrx_word' id='word_1_56' title='bbox 726 824 791 877; x_wconf 93' lang='lat' dir='ltr'><strong>tum</strong></span> <span class='ocrx_word' id='word_1_57' title='bbox 808 815 1070 899; x_wconf 85' lang='lat' dir='ltr'><strong>Amompharetus</strong></span> <span class='ocrx_word' id='word_1_58' title='bbox 1086 813 1361 906; x_wconf 74' lang='grc' dir='ltr'><em>πολέμαρχος,</em></span> <span class='ocrx_word' id='word_1_59' title='bbox 1386 814 1550 898; x_wconf 92' lang='lat' dir='ltr'><strong>quomodo</strong></span> <span class='ocrx_word' id='word_1_60' title='bbox 1567 839 1674 882; x_wconf 89' lang='lat' dir='ltr'><strong>morae</strong></span> <span class='ocrx_word' id='word_1_61' title='bbox 1691 818 1754 884; x_wconf 87' lang='lat' dir='ltr'><strong>dux</strong></span> <span class='ocrx_word' id='word_1_62' title='bbox 1769 841 1788 883; x_wconf 90' lang='lat' dir='ltr'><strong>a</strong></span> 
     </span>
     <span class='ocr_line' id='line_1_7' title="bbox 203 901 1787 1001; baseline 0.001 -29"><span class='ocrx_word' id='word_1_63' title='bbox 203 901 1787 1001; x_wconf 42' lang='grc' dir='ltr'><strong>ὴπωῶεῃῶωαὼωηπῶῶωωω.Χωψαὼτῳιπώλι4ώώπηῶ</strong></span> 
     </span>
     <span class='ocr_line' id='line_1_8' title="bbox 204 984 1785 1084; baseline -0.001 -21"><span class='ocrx_word' id='word_1_64' title='bbox 204 994 274 1064; x_wconf 88' lang='grc' dir='ltr'><em>τῶν</em></span> <span class='ocrx_word' id='word_1_65' title='bbox 304 992 486 1064; x_wconf 75' lang='grc' dir='ltr'><em>πολιτικῶν</em></span> <span class='ocrx_word' id='word_1_66' title='bbox 516 989 642 1062; x_wconf 82' lang='grc' dir='ltr'><em>τούτων</em></span> <span class='ocrx_word' id='word_1_67' title='bbox 667 989 786 1083; x_wconf 89' lang='grc' dir='ltr'><em>μορῶν</em></span> <span class='ocrx_word' id='word_1_68' title='bbox 813 994 886 1078; x_wconf 76' lang='grc' dir='ltr'><em>ἔχει</em></span> <span class='ocrx_word' id='word_1_69' title='bbox 915 990 1134 1082; x_wconf 83' lang='grc' dir='ltr'><em>πολέμαρχον</em></span> <span class='ocrx_word' id='word_1_70' title='bbox 1162 993 1237 1072; x_wconf 74' lang='grc' dir='ltr'><em>ἕνα,</em></span> <span class='ocrx_word' id='word_1_71' title='bbox 1268 984 1441 1078; x_wconf 77' lang='grc' dir='ltr'><em>λοχαγούς</em></span> <span class='ocrx_word' id='word_1_72' title='bbox 1467 993 1631 1084; x_wconf 87' lang='grc' dir='ltr'><em>τέσσαρας</em></span> <span class='ocrx_word' id='word_1_73' title='bbox 1659 1022 1689 1062; x_wconf 93' lang='grc' dir='ltr'><strong>κ.</strong></span> <span class='ocrx_word' id='word_1_74' title='bbox 1706 1026 1734 1065; x_wconf 91' lang='grc' dir='ltr'><em>τ.</em></span> <span class='ocrx_word' id='word_1_75' title='bbox 1752 1003 1785 1061; x_wconf 86' lang='grc' dir='ltr'><em>λ.</em></span> 
     </span>
     <span class='ocr_line' id='line_1_9' title="bbox 202 1072 1786 1173; baseline 0.003 -26"><span class='ocrx_word' id='word_1_76' title='bbox 202 1084 286 1148; x_wconf 91' lang='lat' dir='ltr'><strong>idem</strong></span> <span class='ocrx_word' id='word_1_77' title='bbox 311 1085 437 1147; x_wconf 81' lang='lat' dir='ltr'><strong>Hellen.</strong></span> <span class='ocrx_word' id='word_1_78' title='bbox 460 1085 518 1161; x_wconf 91' lang='lat' dir='ltr'><strong>lV,</strong></span> <span class='ocrx_word' id='word_1_79' title='bbox 542 1105 568 1145; x_wconf 85' lang='lat' dir='ltr'><strong>c.</strong></span> <span class='ocrx_word' id='word_1_80' title='bbox 584 1087 614 1156; x_wconf 84' lang='grc'><strong>4,</strong></span> <span class='ocrx_word' id='word_1_81' title='bbox 638 1080 707 1163; x_wconf 77' lang='lat'><strong>§7:</strong></span> <span class='ocrx_word' id='word_1_82' title='bbox 742 1076 832 1145; x_wconf 79' lang='grc' dir='ltr'><em>οὕτω</em></span> <span class='ocrx_word' id='word_1_83' title='bbox 860 1072 901 1172; x_wconf 76' lang='grc' dir='ltr'><strong>δη</strong></span> <span class='ocrx_word' id='word_1_84' title='bbox 931 1082 1154 1172; x_wconf 78' lang='grc' dir='ltr'><em>ἐπιχειρεῖτον</em></span> <span class='ocrx_word' id='word_1_85' title='bbox 1184 1078 1291 1170; x_wconf 78' lang='grc' dir='ltr'><em>ἄνδρε</em></span> <span class='ocrx_word' id='word_1_86' title='bbox 1319 1078 1400 1155; x_wconf 83' lang='grc' dir='ltr'><em>δύο,</em></span> <span class='ocrx_word' id='word_1_87' title='bbox 1433 1079 1636 1173; x_wconf 80' lang='grc' dir='ltr'><em>Πασίμηλός</em></span> <span class='ocrx_word' id='word_1_88' title='bbox 1663 1110 1699 1150; x_wconf 89' lang='grc' dir='ltr'><strong>τε</strong></span> <span class='ocrx_word' id='word_1_89' title='bbox 1727 1087 1786 1151; x_wconf 81' lang='grc' dir='ltr'><strong>καὶ</strong></span> 
     </span>
     <span class='ocr_line' id='line_1_10' title="bbox 202 1163 1785 1261; baseline -0.001 -20"><span class='ocrx_word' id='word_1_90' title='bbox 202 1167 420 1261; x_wconf 81' lang='grc' dir='ltr'><em>Ἀλκιμένης,</em></span> <span class='ocrx_word' id='word_1_91' title='bbox 442 1209 485 1221; x_wconf 93' lang='lat'>-</span> <span class='ocrx_word' id='word_1_92' title='bbox 508 1169 731 1256; x_wconf 73' lang='grc' dir='ltr'><em>συγγενέσθαι</em></span> <span class='ocrx_word' id='word_1_93' title='bbox 755 1172 924 1260; x_wconf 80' lang='grc' dir='ltr'><em>Πραξίτᾳ,</em></span> <span class='ocrx_word' id='word_1_94' title='bbox 948 1172 994 1255; x_wconf 79' lang='grc' dir='ltr'><em>τῷ</em></span> <span class='ocrx_word' id='word_1_95' title='bbox 1015 1173 1303 1250; x_wconf 80' lang='grc' dir='ltr'><em>Λακεδαιμονίων</em></span> <span class='ocrx_word' id='word_1_96' title='bbox 1324 1163 1541 1260; x_wconf 77' lang='grc' dir='ltr'><em>πολεμάρχῳ,</em></span> <span class='ocrx_word' id='word_1_97' title='bbox 1565 1168 1601 1244; x_wconf 84' lang='grc' dir='ltr'><strong>ὃς</strong></span> <span class='ocrx_word' id='word_1_98' title='bbox 1623 1167 1785 1260; x_wconf 81' lang='grc' dir='ltr'><em>ἐτύγχανε</em></span> 
     </span>
     <span class='ocr_line' id='line_1_11' title="bbox 202 1254 1784 1354; baseline -0.001 -26"><span class='ocrx_word' id='word_1_99' title='bbox 202 1258 289 1349; x_wconf 86' lang='grc' dir='ltr'><em>μετά</em></span> <span class='ocrx_word' id='word_1_100' title='bbox 317 1259 376 1354; x_wconf 72' lang='grc' dir='ltr'><em>τῆς</em></span> <span class='ocrx_word' id='word_1_101' title='bbox 403 1259 527 1327; x_wconf 80' lang='grc' dir='ltr'><em>ἑαυτοῦ</em></span> <span class='ocrx_word' id='word_1_102' title='bbox 550 1254 663 1349; x_wconf 84' lang='grc' dir='ltr'><em>μόρας</em></span> <span class='ocrx_word' id='word_1_103' title='bbox 689 1258 851 1350; x_wconf 76' lang='grc' dir='ltr'><em>φρουρῶν</em></span> <span class='ocrx_word' id='word_1_104' title='bbox 879 1260 917 1324; x_wconf 82' lang='grc' dir='ltr'><strong>ἐν</strong></span> <span class='ocrx_word' id='word_1_105' title='bbox 940 1257 1094 1324; x_wconf 84' lang='grc' dir='ltr'><em>Σικυῶνι.</em></span> <span class='ocrx_word' id='word_1_106' title='bbox 1140 1255 1225 1318; x_wconf 92' lang='lat' dir='ltr'><strong>lllud</strong></span> <span class='ocrx_word' id='word_1_107' title='bbox 1252 1278 1345 1333; x_wconf 90' lang='lat' dir='ltr'><strong>vero,</strong></span> <span class='ocrx_word' id='word_1_108' title='bbox 1373 1279 1440 1320; x_wconf 91' lang='lat' dir='ltr'><strong>non</strong></span> <span class='ocrx_word' id='word_1_109' title='bbox 1464 1278 1581 1334; x_wconf 91' lang='lat' dir='ltr'><strong>morae,</strong></span> <span class='ocrx_word' id='word_1_110' title='bbox 1609 1258 1666 1321; x_wconf 90' lang='lat' dir='ltr'><strong>sed</strong></span> <span class='ocrx_word' id='word_1_111' title='bbox 1687 1259 1784 1326; x_wconf 92' lang='lat' dir='ltr'><strong>locho</strong></span> 
     </span>
     <span class='ocr_line' id='line_1_12' title="bbox 201 1344 1784 1433; baseline 0 -21"><span class='ocrx_word' id='word_1_112' title='bbox 201 1350 378 1433; x_wconf 81' lang='lat' dir='ltr'><strong>praefuisse</strong></span> <span class='ocrx_word' id='word_1_113' title='bbox 403 1348 692 1432; x_wconf 90' lang='lat' dir='ltr'><strong>Amompbaretum,</strong></span> <span class='ocrx_word' id='word_1_114' title='bbox 722 1366 779 1408; x_wconf 89' lang='lat' dir='ltr'><strong>seo</strong></span> <span class='ocrx_word' id='word_1_115' title='bbox 807 1344 932 1430; x_wconf 88' lang='lat' dir='ltr'><strong>locbagi</strong></span> <span class='ocrx_word' id='word_1_116' title='bbox 958 1367 1088 1409; x_wconf 93' lang='lat' dir='ltr'><strong>munere</strong></span> <span class='ocrx_word' id='word_1_117' title='bbox 1119 1344 1261 1407; x_wconf 86' lang='lat' dir='ltr'><strong>functum</strong></span> <span class='ocrx_word' id='word_1_118' title='bbox 1290 1367 1374 1420; x_wconf 90' lang='lat' dir='ltr'><strong>esse,</strong></span> <span class='ocrx_word' id='word_1_119' title='bbox 1404 1367 1474 1408; x_wconf 92' lang='lat' dir='ltr'><strong>cum</strong></span> <span class='ocrx_word' id='word_1_120' title='bbox 1498 1367 1607 1410; x_wconf 87' lang='lat' dir='ltr'><strong>omnes</strong></span> <span class='ocrx_word' id='word_1_121' title='bbox 1631 1345 1784 1428; x_wconf 83' lang='lat' dir='ltr'><strong>Graecos,</strong></span> 
     </span>
     <span class='ocr_line' id='line_1_13' title="bbox 201 1433 1785 1525; baseline 0.003 -25"><span class='ocrx_word' id='word_1_122' title='bbox 201 1448 267 1500; x_wconf 90' lang='lat' dir='ltr'><strong>tum</strong></span> <span class='ocrx_word' id='word_1_123' title='bbox 284 1441 455 1522; x_wconf 84' lang='lat' dir='ltr'><strong>praecipue</strong></span> <span class='ocrx_word' id='word_1_124' title='bbox 471 1434 672 1499; x_wconf 90' lang='lat' dir='ltr'><strong>Herodotum</strong></span> <span class='ocrx_word' id='word_1_125' title='bbox 691 1433 830 1517; x_wconf 84' lang='lat' dir='ltr'><strong>effugere</strong></span> <span class='ocrx_word' id='word_1_126' title='bbox 845 1454 912 1497; x_wconf 92' lang='lat' dir='ltr'><strong>non</strong></span> <span class='ocrx_word' id='word_1_127' title='bbox 933 1437 1077 1518; x_wconf 89' lang='lat' dir='ltr'><strong>potuisse</strong></span> <span class='ocrx_word' id='word_1_128' title='bbox 1101 1435 1307 1496; x_wconf 89' lang='lat' dir='ltr'><strong>certissimum</strong></span> <span class='ocrx_word' id='word_1_129' title='bbox 1330 1443 1385 1497; x_wconf 86' lang='lat' dir='ltr'><strong>est.</strong></span> <span class='ocrx_word' id='word_1_130' title='bbox 1420 1434 1531 1519; x_wconf 90' lang='lat' dir='ltr'><strong>ltaque</strong></span> <span class='ocrx_word' id='word_1_131' title='bbox 1554 1444 1586 1497; x_wconf 91' lang='lat' dir='ltr'><strong>et</strong></span> <span class='ocrx_word' id='word_1_132' title='bbox 1608 1437 1785 1525; x_wconf 72' lang='grc' dir='ltr'><em>λοχηγέων</em></span> 
     </span>
     <span class='ocr_line' id='line_1_14' title="bbox 202 1521 1785 1610; baseline -0.001 -21"><span class='ocrx_word' id='word_1_133' title='bbox 202 1525 243 1590; x_wconf 91' lang='lat' dir='ltr'><strong>ab</strong></span> <span class='ocrx_word' id='word_1_134' title='bbox 267 1527 419 1592; x_wconf 87' lang='lat' dir='ltr'><strong>historico</strong></span> <span class='ocrx_word' id='word_1_135' title='bbox 444 1525 518 1605; x_wconf 91' lang='lat' dir='ltr'><strong>(lib.</strong></span> <span class='ocrx_word' id='word_1_136' title='bbox 536 1524 594 1601; x_wconf 92' lang='lat' dir='ltr'><strong>lX,</strong></span> <span class='ocrx_word' id='word_1_137' title='bbox 618 1546 644 1587; x_wconf 85' lang='lat' dir='ltr'><strong>c.</strong></span> <span class='ocrx_word' id='word_1_138' title='bbox 661 1525 723 1603; x_wconf 82' lang='lat'><strong>53)</strong></span> <span class='ocrx_word' id='word_1_139' title='bbox 746 1521 909 1585; x_wconf 89' lang='lat' dir='ltr'><strong>inducitur</strong></span> <span class='ocrx_word' id='word_1_140' title='bbox 932 1522 1207 1606; x_wconf 89' lang='lat' dir='ltr'><strong>Amompharetus,</strong></span> <span class='ocrx_word' id='word_1_141' title='bbox 1229 1543 1337 1610; x_wconf 89' lang='lat' dir='ltr'><strong>neque</strong></span> <span class='ocrx_word' id='word_1_142' title='bbox 1359 1543 1491 1606; x_wconf 88' lang='lat' dir='ltr'><strong>usquam</strong></span> <span class='ocrx_word' id='word_1_143' title='bbox 1515 1521 1618 1596; x_wconf 89' lang='lat' dir='ltr'><strong>aliter,</strong></span> <span class='ocrx_word' id='word_1_144' title='bbox 1643 1529 1785 1607; x_wconf 88' lang='lat' dir='ltr'><strong>quoties-</strong></span> 
     </span>
     <span class='ocr_line' id='line_1_15' title="bbox 202 1610 1785 1699; baseline -0.001 -21"><span class='ocrx_word' id='word_1_145' title='bbox 202 1636 329 1699; x_wconf 86' lang='lat' dir='ltr'><strong>cunque</strong></span> <span class='ocrx_word' id='word_1_146' title='bbox 352 1615 442 1678; x_wconf 91' lang='lat' dir='ltr'><strong>du‘cis</strong></span> <span class='ocrx_word' id='word_1_147' title='bbox 466 1613 534 1676; x_wconf 90' lang='lat' dir='ltr'><strong>eius</strong></span> <span class='ocrx_word' id='word_1_148' title='bbox 558 1615 591 1675; x_wconf 92' lang='lat' dir='ltr'><strong>in</strong></span> <span class='ocrx_word' id='word_1_149' title='bbox 614 1634 648 1674; x_wconf 90' lang='lat' dir='ltr'><strong>re</strong></span> <span class='ocrx_word' id='word_1_150' title='bbox 671 1610 797 1674; x_wconf 86' lang='lat' dir='ltr'><strong>militari</strong></span> <span class='ocrx_word' id='word_1_151' title='bbox 820 1621 1083 1674; x_wconf 83' lang='lat' dir='ltr'><strong>commemoratur</strong></span> <span class='ocrx_word' id='word_1_152' title='bbox 1101 1630 1224 1688; x_wconf 92' lang='lat' dir='ltr'><strong>munus,</strong></span> <span class='ocrx_word' id='word_1_153' title='bbox 1248 1633 1340 1694; x_wconf 91' lang='lat' dir='ltr'><strong>quam</strong></span> <span class='ocrx_word' id='word_1_154' title='bbox 1356 1610 1440 1674; x_wconf 91' lang='lat' dir='ltr'><strong>locbi</strong></span> <span class='ocrx_word' id='word_1_155' title='bbox 1455 1613 1583 1675; x_wconf 91' lang='lat' dir='ltr'><strong>nomine</strong></span> <span class='ocrx_word' id='word_1_156' title='bbox 1597 1613 1656 1675; x_wconf 86' lang='lat' dir='ltr'><strong>hae</strong></span> <span class='ocrx_word' id='word_1_157' title='bbox 1672 1615 1785 1697; x_wconf 90' lang='lat' dir='ltr'><strong>copiae</strong></span> 
     </span>
     <span class='ocr_line' id='line_1_16' title="bbox 199 1698 1785 1785; baseline -0.001 -18"><span class='ocrx_word' id='word_1_158' title='bbox 199 1714 366 1776; x_wconf 89' lang='lat' dir='ltr'><strong>notantur,</strong></span> <span class='ocrx_word' id='word_1_159' title='bbox 394 1712 430 1766; x_wconf 92' lang='lat' dir='ltr'><strong>ut</strong></span> <span class='ocrx_word' id='word_1_160' title='bbox 452 1700 572 1764; x_wconf 89' lang='lat' dir='ltr'><strong>ibidem</strong></span> <span class='ocrx_word' id='word_1_161' title='bbox 595 1723 621 1764; x_wconf 91' lang='lat' dir='ltr'><strong>c.</strong></span> <span class='ocrx_word' id='word_1_162' title='bbox 638 1705 679 1768; x_wconf 86' lang='lat'><strong>57</strong></span> <span class='ocrx_word' id='word_1_163' title='bbox 704 1702 840 1784; x_wconf 91' lang='lat' dir='ltr'><strong>saepius.</strong></span> <span class='ocrx_word' id='word_1_164' title='bbox 885 1698 974 1764; x_wconf 87' lang='lat' dir='ltr'><strong>Cave</strong></span> <span class='ocrx_word' id='word_1_165' title='bbox 996 1710 1100 1762; x_wconf 89' lang='lat' dir='ltr'><strong>tamen</strong></span> <span class='ocrx_word' id='word_1_166' title='bbox 1124 1699 1171 1760; x_wconf 89' lang='lat' dir='ltr'><strong>his</strong></span> <span class='ocrx_word' id='word_1_167' title='bbox 1194 1720 1371 1783; x_wconf 88' lang='lat' dir='ltr'><strong>repugnare</strong></span> <span class='ocrx_word' id='word_1_168' title='bbox 1395 1700 1566 1776; x_wconf 86' lang='lat' dir='ltr'><strong>existimes,</strong></span> <span class='ocrx_word' id='word_1_169' title='bbox 1595 1722 1675 1783; x_wconf 90' lang='lat' dir='ltr'><strong>quae</strong></span> <span class='ocrx_word' id='word_1_170' title='bbox 1698 1701 1785 1785; x_wconf 90' lang='lat' dir='ltr'><strong>apud</strong></span> 
     </span>
     <span class='ocr_line' id='line_1_17' title="bbox 199 1782 1813 1880; baseline 0.001 -26"><span class='ocrx_word' id='word_1_171' title='bbox 199 1782 1813 1880; x_wconf 43' lang='lat' dir='ltr'><strong>qufflmmfflnstcfflmmlgwmmicfflrddhwwrffwnwfflfisswdffl‚</strong></span> 
     </span>
     <span class='ocr_line' id='line_1_18' title="bbox 198 1871 1785 1970; baseline 0 -25"><span class='ocrx_word' id='word_1_172' title='bbox 198 1879 258 1946; x_wconf 80' lang='grc' dir='ltr'><em>τού</em></span> <span class='ocrx_word' id='word_1_173' title='bbox 280 1877 396 1959; x_wconf 74' lang='grc' dir='ltr'><em>δεξιοῦ</em></span> <span class='ocrx_word' id='word_1_174' title='bbox 416 1880 522 1970; x_wconf 82' lang='grc' dir='ltr'><em>κέρας</em></span> <span class='ocrx_word' id='word_1_175' title='bbox 545 1873 605 1944; x_wconf 78' lang='grc' dir='ltr'><strong>δύο</strong></span> <span class='ocrx_word' id='word_1_176' title='bbox 629 1871 756 1964; x_wconf 83' lang='grc' dir='ltr'><em>λάχους</em></span> <span class='ocrx_word' id='word_1_177' title='bbox 779 1874 846 1942; x_wconf 88' lang='grc' dir='ltr'><em>τῶν</em></span> <span class='ocrx_word' id='word_1_178' title='bbox 869 1873 1099 1968; x_wconf 83' lang='grc' dir='ltr'><em>πολεμάρχων</em></span> <span class='ocrx_word' id='word_1_179' title='bbox 1121 1874 1316 1960; x_wconf 70' lang='grc' dir='ltr'><em>Ἱππονοέδᾳ</em></span> <span class='ocrx_word' id='word_1_180' title='bbox 1344 1878 1401 1941; x_wconf 82' lang='grc' dir='ltr'><strong>καὶ</strong></span> <span class='ocrx_word' id='word_1_181' title='bbox 1424 1875 1644 1968; x_wconf 81' lang='grc' dir='ltr'><em>Ἀριστοκλεῖ</em></span> <span class='ocrx_word' id='word_1_182' title='bbox 1664 1881 1785 1964; x_wconf 80' lang='grc' dir='ltr'><em>έχουσι</em></span> 
     </span>
     <span class='ocr_line' id='line_1_19' title="bbox 198 1962 1784 2060; baseline -0.003 -26"><span class='ocrx_word' id='word_1_183' title='bbox 198 1973 393 2060; x_wconf 65' lang='grc' dir='ltr'><em>παρελθεῖν</em></span> <span class='ocrx_word' id='word_1_184' title='bbox 414 1971 471 2034; x_wconf 79' lang='grc' dir='ltr'><strong>καὶ</strong></span> <span class='ocrx_word' id='word_1_185' title='bbox 493 1962 702 2055; x_wconf 76' lang='grc' dir='ltr'><em>ε’ςβαλύνιας</em></span> <span class='ocrx_word' id='word_1_186' title='bbox 723 1962 907 2058; x_wconf 83' lang='grc' dir='ltr'><em>πληρῶσαι,</em></span> <span class='ocrx_word' id='word_1_187' title='bbox 931 1968 1079 2048; x_wconf 91' lang='lat' dir='ltr'><strong>quoniam</strong></span> <span class='ocrx_word' id='word_1_188' title='bbox 1102 1964 1179 2027; x_wconf 91' lang='lat' dir='ltr'><strong>nihil</strong></span> <span class='ocrx_word' id='word_1_189' title='bbox 1202 1965 1360 2049; x_wconf 91' lang='lat' dir='ltr'><strong>probibet,</strong></span> <span class='ocrx_word' id='word_1_190' title='bbox 1385 1970 1552 2052; x_wconf 88' lang='lat' dir='ltr'><strong>quominus</strong></span> <span class='ocrx_word' id='word_1_191' title='bbox 1577 1968 1670 2028; x_wconf 88' lang='lat' dir='ltr'><strong>etiam</strong></span> <span class='ocrx_word' id='word_1_192' title='bbox 1692 1965 1784 2050; x_wconf 61' lang='lat' dir='ltr'><strong>pole÷</strong></span> 
     </span>
     <span class='ocr_line' id='line_1_20' title="bbox 198 2053 1784 2140; baseline 0 -23"><span class='ocrx_word' id='word_1_193' title='bbox 198 2057 315 2118; x_wconf 89' lang='lat' dir='ltr'><strong>marchi</strong></span> <span class='ocrx_word' id='word_1_194' title='bbox 337 2055 518 2140; x_wconf 90' lang='lat' dir='ltr'><strong>aliquando,</strong></span> <span class='ocrx_word' id='word_1_195' title='bbox 542 2053 598 2117; x_wconf 93' lang='lat' dir='ltr'><strong>ubi</strong></span> <span class='ocrx_word' id='word_1_196' title='bbox 621 2076 670 2117; x_wconf 92' lang='lat' dir='ltr'><strong>res</strong></span> <span class='ocrx_word' id='word_1_197' title='bbox 685 2060 859 2139; x_wconf 87' lang='lat' dir='ltr'><strong>postulant,</strong></span> <span class='ocrx_word' id='word_1_198' title='bbox 882 2053 1024 2138; x_wconf 86' lang='lat' dir='ltr'><strong>singulos</strong></span> <span class='ocrx_word' id='word_1_199' title='bbox 1040 2053 1160 2130; x_wconf 91' lang='lat' dir='ltr'><strong>lochos,</strong></span> <span class='ocrx_word' id='word_1_200' title='bbox 1185 2056 1384 2136; x_wconf 88' lang='lat' dir='ltr'><strong>quantumvis</strong></span> <span class='ocrx_word' id='word_1_201' title='bbox 1400 2057 1531 2138; x_wconf 87' lang='lat' dir='ltr'><strong>proprie</strong></span> <span class='ocrx_word' id='word_1_202' title='bbox 1545 2075 1704 2117; x_wconf 89' lang='lat' dir='ltr'><strong>morarum</strong></span> <span class='ocrx_word' id='word_1_203' title='bbox 1719 2055 1784 2118; x_wconf 90' lang='lat' dir='ltr'><strong>sint</strong></span> 
     </span>
     <span class='ocr_line' id='line_1_21' title="bbox 199 2140 1784 2229; baseline -0.001 -23"><span class='ocrx_word' id='word_1_204' title='bbox 199 2143 308 2221; x_wconf 91' lang='lat' dir='ltr'><strong>duces,</strong></span> <span class='ocrx_word' id='word_1_205' title='bbox 332 2147 364 2208; x_wconf 92' lang='lat' dir='ltr'><strong>in</strong></span> <span class='ocrx_word' id='word_1_206' title='bbox 385 2166 520 2229; x_wconf 89' lang='lat' dir='ltr'><strong>pugnam</strong></span> <span class='ocrx_word' id='word_1_207' title='bbox 537 2141 697 2206; x_wconf 89' lang='lat' dir='ltr'><strong>adducere</strong></span> <span class='ocrx_word' id='word_1_208' title='bbox 712 2142 901 2216; x_wconf 90' lang='lat' dir='ltr'><strong>iubeantur;·</strong></span> <span class='ocrx_word' id='word_1_209' title='bbox 916 2163 978 2204; x_wconf 92' lang='lat' dir='ltr'><strong>nec</strong></span> <span class='ocrx_word' id='word_1_210' title='bbox 992 2152 1096 2203; x_wconf 90' lang='lat' dir='ltr'><strong>tamen</strong></span> <span class='ocrx_word' id='word_1_211' title='bbox 1112 2140 1185 2205; x_wconf 91' lang='lat' dir='ltr'><strong>ideo</strong></span> <span class='ocrx_word' id='word_1_212' title='bbox 1201 2163 1261 2225; x_wconf 93' lang='lat' dir='ltr'><strong>pro</strong></span> <span class='ocrx_word' id='word_1_213' title='bbox 1282 2141 1401 2219; x_wconf 88' lang='lat' dir='ltr'><strong>iisdem,</strong></span> <span class='ocrx_word' id='word_1_214' title='bbox 1424 2145 1479 2226; x_wconf 95' lang='lat' dir='ltr'><strong>qui</strong></span> <span class='ocrx_word' id='word_1_215' title='bbox 1501 2143 1648 2229; x_wconf 77' lang='grc' dir='ltr'><em>λοχαγοὶ</em></span> <span class='ocrx_word' id='word_1_216' title='bbox 1670 2142 1784 2206; x_wconf 91' lang='lat' dir='ltr'><strong>dicun-</strong></span> 
     </span>
     <span class='ocr_line' id='line_1_22' title="bbox 197 2227 1782 2314; baseline -0.001 -20"><span class='ocrx_word' id='word_1_217' title='bbox 197 2241 259 2310; x_wconf 86' lang='lat' dir='ltr'><strong>tur,</strong></span> <span class='ocrx_word' id='word_1_218' title='bbox 282 2231 422 2295; x_wconf 90' lang='lat' dir='ltr'><strong>babendi</strong></span> <span class='ocrx_word' id='word_1_219' title='bbox 438 2243 521 2308; x_wconf 87' lang='lat' dir='ltr'><strong>sunt,</strong></span> <span class='ocrx_word' id='word_1_220' title='bbox 544 2234 636 2294; x_wconf 91' lang='lat' dir='ltr'><strong>sicuti</strong></span> <span class='ocrx_word' id='word_1_221' title='bbox 651 2231 744 2294; x_wconf 87' lang='lat' dir='ltr'><strong>etiam</strong></span> <span class='ocrx_word' id='word_1_222' title='bbox 761 2253 777 2292; x_wconf 92' lang='lat' dir='ltr'><strong>a</strong></span> <span class='ocrx_word' id='word_1_223' title='bbox 794 2228 985 2312; x_wconf 84' lang='lat' dir='ltr'><strong>Thucydide</strong></span> <span class='ocrx_word' id='word_1_224' title='bbox 1001 2235 1073 2314; x_wconf 89' lang='lat' dir='ltr'><strong>ipso</strong></span> <span class='ocrx_word' id='word_1_225' title='bbox 1090 2227 1211 2292; x_wconf 89' lang='lat' dir='ltr'><strong>ibidem</strong></span> <span class='ocrx_word' id='word_1_226' title='bbox 1235 2234 1276 2310; x_wconf 90' lang='grc' dir='ltr'><strong>(ο.</strong></span> <span class='ocrx_word' id='word_1_227' title='bbox 1292 2234 1349 2308; x_wconf 84' lang='grc'><strong>66]</strong></span> <span class='ocrx_word' id='word_1_228' title='bbox 1374 2240 1483 2313; x_wconf 89' lang='lat' dir='ltr'><strong>aperte</strong></span> <span class='ocrx_word' id='word_1_229' title='bbox 1506 2235 1782 2295; x_wconf 89' lang='lat' dir='ltr'><strong>internoscuntur:</strong></span> 
     </span>
     <span class='ocr_line' id='line_1_23' title="bbox 196 2314 1783 2412; baseline 0.001 -27"><span class='ocrx_word' id='word_1_230' title='bbox 196 2322 366 2404; x_wconf 79' lang='grc' dir='ltr'><em>βασιλέως</em></span> <span class='ocrx_word' id='word_1_231' title='bbox 389 2317 456 2412; x_wconf 85' lang='grc' dir='ltr'><em>γάρ</em></span> <span class='ocrx_word' id='word_1_232' title='bbox 478 2317 634 2407; x_wconf 85' lang='grc' dir='ltr'><em>άγοντος,</em></span> <span class='ocrx_word' id='word_1_233' title='bbox 656 2316 707 2386; x_wconf 75' lang='grc' dir='ltr'><strong>ὑπ’</strong></span> <span class='ocrx_word' id='word_1_234' title='bbox 732 2319 866 2387; x_wconf 76' lang='grc' dir='ltr'><em>ἐκείνου</em></span> <span class='ocrx_word' id='word_1_235' title='bbox 887 2315 999 2384; x_wconf 86' lang='grc' dir='ltr'><em>πάντα</em></span> <span class='ocrx_word' id='word_1_236' title='bbox 1019 2318 1173 2408; x_wconf 82' lang='grc' dir='ltr'><em>ἄρχεται,</em></span> <span class='ocrx_word' id='word_1_237' title='bbox 1196 2319 1252 2385; x_wconf 81' lang='grc' dir='ltr'><em>καλ</em></span> <span class='ocrx_word' id='word_1_238' title='bbox 1267 2324 1339 2395; x_wconf 77' lang='grc' dir='ltr'><em>τοῖς</em></span> <span class='ocrx_word' id='word_1_239' title='bbox 1353 2318 1419 2403; x_wconf 84' lang='grc' dir='ltr'><strong>μέν</strong></span> <span class='ocrx_word' id='word_1_240' title='bbox 1432 2314 1665 2412; x_wconf 77' lang='grc' dir='ltr'><em>πολεμάρχοις</em></span> <span class='ocrx_word' id='word_1_241' title='bbox 1681 2314 1783 2397; x_wconf 82' lang='grc' dir='ltr'><em>αύτός</em></span> 
     </span>
     <span class='ocr_line' id='line_1_24' title="bbox 196 2403 1783 2501; baseline -0.003 -27"><span class='ocrx_word' id='word_1_242' title='bbox 196 2403 1783 2501; x_wconf 47' lang='lat' dir='ltr'><strong>qfffflrdffimohfflwkmfflwmmml.-[Mwmnewdqwdffihmc</strong></span> 
     </span>
     <span class='ocr_line' id='line_1_25' title="bbox 196 2495 1782 2581; baseline -0.001 -21"><span class='ocrx_word' id='word_1_243' title='bbox 196 2498 415 2562; x_wconf 89' lang='lat' dir='ltr'><strong>obscuriorem</strong></span> <span class='ocrx_word' id='word_1_244' title='bbox 432 2521 497 2561; x_wconf 86' lang='lat' dir='ltr'><strong>rem</strong></span> <span class='ocrx_word' id='word_1_245' title='bbox 514 2498 711 2581; x_wconf 87' lang='lat' dir='ltr'><strong>aliquatenus</strong></span> <span class='ocrx_word' id='word_1_246' title='bbox 728 2495 945 2558; x_wconf 87' lang='lat' dir='ltr'><strong>illustrandam</strong></span> <span class='ocrx_word' id='word_1_247' title='bbox 961 2497 1125 2579; x_wconf 89' lang='lat' dir='ltr'><strong>pertineat,</strong></span> <span class='ocrx_word' id='word_1_248' title='bbox 1141 2499 1417 2579; x_wconf 87' lang='lat' dir='ltr'><strong>praetermittatur,</strong></span> <span class='ocrx_word' id='word_1_249' title='bbox 1434 2518 1471 2560; x_wconf 83' lang='lat' dir='ltr'><strong>ex</strong></span> <span class='ocrx_word' id='word_1_250' title='bbox 1487 2498 1601 2561; x_wconf 92' lang='lat' dir='ltr'><strong>eodem</strong></span> <span class='ocrx_word' id='word_1_251' title='bbox 1618 2499 1782 2580; x_wconf 89' lang='lat' dir='ltr'><strong>scriptoris</strong></span> 
     </span>
     <span class='ocr_line' id='line_1_26' title="bbox 195 2582 1783 2669; baseline 0.001 -24"><span class='ocrx_word' id='word_1_252' title='bbox 195 2584 271 2648; x_wconf 94' lang='lat' dir='ltr'><strong>loco</strong></span> <span class='ocrx_word' id='word_1_253' title='bbox 299 2587 383 2649; x_wconf 89' lang='lat' dir='ltr'><strong>haud</strong></span> <span class='ocrx_word' id='word_1_254' title='bbox 410 2590 564 2649; x_wconf 89' lang='lat' dir='ltr'><strong>immerito</strong></span> <span class='ocrx_word' id='word_1_255' title='bbox 595 2583 700 2669; x_wconf 79' lang='lat' dir='ltr'><strong>colligi</strong></span> <span class='ocrx_word' id='word_1_256' title='bbox 723 2593 845 2668; x_wconf 89' lang='lat' dir='ltr'><strong>potest,</strong></span> <span class='ocrx_word' id='word_1_257' title='bbox 874 2605 941 2646; x_wconf 90' lang='lat' dir='ltr'><strong>non</strong></span> <span class='ocrx_word' id='word_1_258' title='bbox 966 2586 1079 2667; x_wconf 88' lang='lat' dir='ltr'><strong>quovis</strong></span> <span class='ocrx_word' id='word_1_259' title='bbox 1103 2582 1189 2647; x_wconf 90' lang='lat' dir='ltr'><strong>bello</strong></span> <span class='ocrx_word' id='word_1_260' title='bbox 1215 2583 1326 2647; x_wconf 91' lang='lat' dir='ltr'><strong>eodem</strong></span> <span class='ocrx_word' id='word_1_261' title='bbox 1350 2584 1447 2648; x_wconf 90' lang='lat' dir='ltr'><strong>modo</strong></span> <span class='ocrx_word' id='word_1_262' title='bbox 1471 2587 1503 2648; x_wconf 93' lang='lat' dir='ltr'><strong>in</strong></span> <span class='ocrx_word' id='word_1_263' title='bbox 1527 2584 1595 2647; x_wconf 89' lang='lat' dir='ltr'><strong>illas</strong></span> <span class='ocrx_word' id='word_1_264' title='bbox 1619 2607 1723 2648; x_wconf 91' lang='lat' dir='ltr'><strong>moras</strong></span> <span class='ocrx_word' id='word_1_265' title='bbox 1747 2606 1783 2648; x_wconf 92' lang='lat' dir='ltr'><strong>ac</strong></span> 
     </span>
     <span class='ocr_line' id='line_1_27' title="bbox 196 2669 1780 2752; baseline 0.003 -21"><span class='ocrx_word' id='word_1_266' title='bbox 196 2669 1780 2752; x_wconf 40' lang='lat' dir='ltr'><strong>bmssmfflmmwmmmmmQfflmmfflmmwmwwmmmmfflm</strong></span> 
     </span>
     <span class='ocr_line' id='line_1_28' title="bbox 197 2753 1783 2843; baseline 0.001 -23"><span class='ocrx_word' id='word_1_267' title='bbox 197 2760 313 2821; x_wconf 87' lang='lat' dir='ltr'><strong>tineam</strong></span> <span class='ocrx_word' id='word_1_268' title='bbox 335 2758 461 2843; x_wconf 92' lang='lat' dir='ltr'><strong>proelio</strong></span> <span class='ocrx_word' id='word_1_269' title='bbox 486 2779 595 2821; x_wconf 87' lang='lat' dir='ltr'><strong>omnes</strong></span> <span class='ocrx_word' id='word_1_270' title='bbox 610 2757 936 2819; x_wconf 90' lang='lat' dir='ltr'><strong>Lacedaemoniorum</strong></span> <span class='ocrx_word' id='word_1_271' title='bbox 959 2759 1072 2840; x_wconf 89' lang='lat' dir='ltr'><strong>copiae</strong></span> <span class='ocrx_word' id='word_1_272' title='bbox 1096 2776 1113 2816; x_wconf 91' lang='lat' dir='ltr'><strong>e</strong></span> <span class='ocrx_word' id='word_1_273' title='bbox 1135 2765 1257 2838; x_wconf 88' lang='lat' dir='ltr'><strong>septem</strong></span> <span class='ocrx_word' id='word_1_274' title='bbox 1279 2769 1405 2840; x_wconf 90' lang='lat' dir='ltr'><strong>praeter</strong></span> <span class='ocrx_word' id='word_1_275' title='bbox 1421 2757 1550 2818; x_wconf 90' lang='lat' dir='ltr'><strong>Sciritas</strong></span> <span class='ocrx_word' id='word_1_276' title='bbox 1573 2753 1674 2819; x_wconf 90' lang='lat' dir='ltr'><strong>lochis</strong></span> <span class='ocrx_word' id='word_1_277' title='bbox 1698 2779 1783 2822; x_wconf 86' lang='lat' dir='ltr'><strong>com·</strong></span> 
     </span>
     <span class='ocr_line' id='line_1_29' title="bbox 195 2843 1782 2929; baseline 0.002 -22"><span class='ocrx_word' id='word_1_278' title='bbox 195 2849 319 2929; x_wconf 86' lang='lat' dir='ltr'><strong>positae</strong></span> <span class='ocrx_word' id='word_1_279' title='bbox 343 2847 472 2907; x_wconf 88' lang='lat' dir='ltr'><strong>luerunt</strong></span> <span class='ocrx_word' id='word_1_280' title='bbox 495 2845 586 2927; x_wconf 89' lang='lat' dir='ltr'><strong>(ibid.</strong></span> <span class='ocrx_word' id='word_1_281' title='bbox 611 2866 636 2907; x_wconf 89' lang='lat' dir='ltr'><strong>c.</strong></span> <span class='ocrx_word' id='word_1_282' title='bbox 653 2849 703 2921; x_wconf 81' lang='lat'><strong>68,</strong></span> <span class='ocrx_word' id='word_1_283' title='bbox 727 2848 772 2926; x_wconf 88' lang='grc'><strong>3).</strong></span> <span class='ocrx_word' id='word_1_284' title='bbox 797 2845 840 2906; x_wconf 90' lang='lat' dir='ltr'><strong>Hi</strong></span> <span class='ocrx_word' id='word_1_285' title='bbox 865 2847 947 2906; x_wconf 91' lang='lat' dir='ltr'><strong>enim</strong></span> <span class='ocrx_word' id='word_1_286' title='bbox 969 2844 1055 2907; x_wconf 92' lang='lat' dir='ltr'><strong>lochi</strong></span> <span class='ocrx_word' id='word_1_287' title='bbox 1071 2843 1244 2927; x_wconf 91' lang='lat' dir='ltr'><strong>quomodo,</strong></span> <span class='ocrx_word' id='word_1_288' title='bbox 1268 2864 1339 2906; x_wconf 90' lang='lat' dir='ltr'><strong>cum</strong></span> <span class='ocrx_word' id='word_1_289' title='bbox 1355 2854 1498 2927; x_wconf 90' lang='lat' dir='ltr'><strong>septem</strong></span> <span class='ocrx_word' id='word_1_290' title='bbox 1513 2845 1612 2907; x_wconf 87' lang='lat' dir='ltr'><strong>fuisse</strong></span> <span class='ocrx_word' id='word_1_291' title='bbox 1629 2844 1782 2923; x_wconf 88' lang='lat' dir='ltr'><strong>dicantur,</strong></span> 
     </span>
     <span class='ocr_line' id='line_1_30' title="bbox 194 2930 1782 3017; baseline 0.003 -22"><span class='ocrx_word' id='word_1_292' title='bbox 194 2953 260 2996; x_wconf 87' lang='lat' dir='ltr'><strong>sex</strong></span> <span class='ocrx_word' id='word_1_293' title='bbox 282 2933 380 2996; x_wconf 90' lang='lat' dir='ltr'><strong>moris</strong></span> <span class='ocrx_word' id='word_1_294' title='bbox 396 2934 640 3017; x_wconf 87' lang='lat' dir='ltr'><strong>Xenophonteis</strong></span> <span class='ocrx_word' id='word_1_295' title='bbox 663 2932 730 2996; x_wconf 89' lang='lat' dir='ltr'><strong>lere</strong></span> <span class='ocrx_word' id='word_1_296' title='bbox 752 2932 982 3017; x_wconf 88' lang='lat' dir='ltr'><strong>respondeant,</strong></span> <span class='ocrx_word' id='word_1_297' title='bbox 1006 2953 1087 3016; x_wconf 90' lang='lat' dir='ltr'><strong>quae</strong></span> <span class='ocrx_word' id='word_1_298' title='bbox 1112 2933 1280 3016; x_wconf 90' lang='lat' dir='ltr'><strong>Popponis</strong></span> <span class='ocrx_word' id='word_1_299' title='bbox 1305 2941 1352 2995; x_wconf 91' lang='lat' dir='ltr'><strong>est</strong></span> <span class='ocrx_word' id='word_1_300' title='bbox 1375 2934 1485 3017; x_wconf 91' lang='lat' dir='ltr'><strong>opinio</strong></span> <span class='ocrx_word' id='word_1_301' title='bbox 1509 2930 1564 3011; x_wconf 87' lang='lat' dir='ltr'><strong>(ad</strong></span> <span class='ocrx_word' id='word_1_302' title='bbox 1586 2931 1607 2997; x_wconf 89' lang='lat' dir='ltr'><strong>l.</strong></span> <span class='ocrx_word' id='word_1_303' title='bbox 1624 2939 1674 3015; x_wconf 82' lang='lat' dir='ltr'><strong>c),</strong></span> <span class='ocrx_word' id='word_1_304' title='bbox 1697 2934 1782 2999; x_wconf 91' lang='lat' dir='ltr'><strong>haud</strong></span> 
     </span>
     <span class='ocr_line' id='line_1_31' title="bbox 195 3020 751 3106; baseline -0.005 -22"><span class='ocrx_word' id='word_1_305' title='bbox 195 3020 289 3084; x_wconf 89' lang='lat' dir='ltr'><strong>facile</strong></span> <span class='ocrx_word' id='word_1_306' title='bbox 313 3021 439 3084; x_wconf 88' lang='lat' dir='ltr'><strong>ostendi</strong></span> <span class='ocrx_word' id='word_1_307' title='bbox 463 3024 575 3106; x_wconf 87' lang='lat' dir='ltr'><strong>possit.</strong></span> <span class='ocrx_word' id='word_1_308' title='bbox 742 3093 751 3106; x_wconf 39' lang='lat'><strong>·</strong></span> 
     </span>
    </p>

    <p class='ocr_par' dir='ltr' id='par_1_3' title="bbox 108 3106 1781 4531">
     <span class='ocr_line' id='line_1_32' title="bbox 328 3106 1781 3201; baseline 0.002 -29"><span class='ocrx_word' id='word_1_309' title='bbox 328 3109 393 3172; x_wconf 88' lang='lat' dir='ltr'><strong>lam</strong></span> <span class='ocrx_word' id='word_1_310' title='bbox 414 3130 494 3173; x_wconf 85' lang='lat' dir='ltr'><strong>vero</strong></span> <span class='ocrx_word' id='word_1_311' title='bbox 518 3119 554 3196; x_wconf 83' lang='lat' dir='ltr'><strong>ut</strong></span> <span class='ocrx_word' id='word_1_312' title='bbox 576 3129 636 3171; x_wconf 87' lang='lat' dir='ltr'><strong>nec</strong></span> <span class='ocrx_word' id='word_1_313' title='bbox 660 3106 700 3171; x_wconf 91' lang='lat' dir='ltr'><strong>de</strong></span> <span class='ocrx_word' id='word_1_314' title='bbox 723 3106 809 3170; x_wconf 89' lang='lat' dir='ltr'><strong>tribu</strong></span> <span class='ocrx_word' id='word_1_315' title='bbox 832 3106 959 3201; x_wconf 74' lang='grc' dir='ltr'><em>(φυλῇ),</em></span> <span class='ocrx_word' id='word_1_316' title='bbox 983 3129 1044 3171; x_wconf 87' lang='lat' dir='ltr'><strong>nec</strong></span> <span class='ocrx_word' id='word_1_317' title='bbox 1068 3107 1107 3172; x_wconf 91' lang='lat' dir='ltr'><strong>de</strong></span> <span class='ocrx_word' id='word_1_318' title='bbox 1130 3131 1218 3172; x_wconf 91' lang='lat' dir='ltr'><strong>mora</strong></span> <span class='ocrx_word' id='word_1_319' title='bbox 1241 3110 1454 3172; x_wconf 89' lang='lat' dir='ltr'><strong>Pitanatarum</strong></span> <span class='ocrx_word' id='word_1_320' title='bbox 1477 3109 1562 3193; x_wconf 88' lang='lat' dir='ltr'><strong>apud</strong></span> <span class='ocrx_word' id='word_1_321' title='bbox 1578 3109 1781 3175; x_wconf 89' lang='lat' dir='ltr'><strong>Herodotum</strong></span> 
     </span>
     <span class='ocr_line' id='line_1_33' title="bbox 196 3195 1780 3283; baseline 0.002 -22"><span class='ocrx_word' id='word_1_322' title='bbox 196 3199 328 3282; x_wconf 89' lang='lat' dir='ltr'><strong>cogitari</strong></span> <span class='ocrx_word' id='word_1_323' title='bbox 351 3219 456 3283; x_wconf 89' lang='lat' dir='ltr'><strong>posse,</strong></span> <span class='ocrx_word' id='word_1_324' title='bbox 480 3201 554 3260; x_wconf 88' lang='lat' dir='ltr'><strong>satis</strong></span> <span class='ocrx_word' id='word_1_325' title='bbox 577 3197 651 3259; x_wconf 89' lang='lat' dir='ltr'><strong>mihi</strong></span> <span class='ocrx_word' id='word_1_326' title='bbox 674 3196 909 3260; x_wconf 87' lang='lat' dir='ltr'><strong>demonstrasse</strong></span> <span class='ocrx_word' id='word_1_327' title='bbox 934 3195 1054 3275; x_wconf 88' lang='lat' dir='ltr'><strong>videor,</strong></span> <span class='ocrx_word' id='word_1_328' title='bbox 1077 3201 1119 3260; x_wconf 90' lang='lat' dir='ltr'><strong>ita</strong></span> <span class='ocrx_word' id='word_1_329' title='bbox 1141 3219 1183 3260; x_wconf 91' lang='lat' dir='ltr'><strong>ne</strong></span> <span class='ocrx_word' id='word_1_330' title='bbox 1206 3197 1285 3261; x_wconf 92' lang='lat' dir='ltr'><strong>illud</strong></span> <span class='ocrx_word' id='word_1_331' title='bbox 1310 3197 1438 3282; x_wconf 88' lang='lat' dir='ltr'><strong>quidem</strong></span> <span class='ocrx_word' id='word_1_332' title='bbox 1458 3198 1655 3262; x_wconf 89' lang='lat' dir='ltr'><strong>contendere</strong></span> <span class='ocrx_word' id='word_1_333' title='bbox 1672 3202 1780 3278; x_wconf 90' lang='lat' dir='ltr'><strong>ausim,</strong></span> 
     </span>
     <span class='ocr_line' id='line_1_34' title="bbox 195 3281 1781 3378; baseline 0.002 -29"><span class='ocrx_word' id='word_1_334' title='bbox 195 3287 290 3350; x_wconf 89' lang='lat' dir='ltr'><strong>talem</strong></span> <span class='ocrx_word' id='word_1_335' title='bbox 314 3286 471 3371; x_wconf 90' lang='lat' dir='ltr'><strong>quendam</strong></span> <span class='ocrx_word' id='word_1_336' title='bbox 496 3284 582 3371; x_wconf 89' lang='lat' dir='ltr'><strong>apud</strong></span> <span class='ocrx_word' id='word_1_337' title='bbox 606 3284 877 3348; x_wconf 90' lang='lat' dir='ltr'><strong>Lacedaemonios</strong></span> <span class='ocrx_word' id='word_1_338' title='bbox 902 3285 1038 3363; x_wconf 91' lang='lat' dir='ltr'><strong>locbum,</strong></span> <span class='ocrx_word' id='word_1_339' title='bbox 1063 3290 1116 3370; x_wconf 92' lang='lat' dir='ltr'><strong>qui</strong></span> <span class='ocrx_word' id='word_1_340' title='bbox 1140 3281 1336 3378; x_wconf 88' lang='grc' dir='ltr'><em>Πιτανάτης</em></span> <span class='ocrx_word' id='word_1_341' title='bbox 1358 3296 1536 3363; x_wconf 90' lang='lat' dir='ltr'><strong>vocaretur,</strong></span> <span class='ocrx_word' id='word_1_342' title='bbox 1559 3290 1689 3350; x_wconf 92' lang='lat' dir='ltr'><strong>omnino</strong></span> <span class='ocrx_word' id='word_1_343' title='bbox 1712 3309 1781 3352; x_wconf 92' lang='lat' dir='ltr'><strong>non</strong></span> 
     </span>
     <span class='ocr_line' id='line_1_35' title="bbox 193 3373 1781 3461; baseline 0.001 -24"><span class='ocrx_word' id='word_1_344' title='bbox 193 3374 301 3452; x_wconf 89' lang='lat' dir='ltr'><strong>fuisse,</strong></span> <span class='ocrx_word' id='word_1_345' title='bbox 325 3397 394 3437; x_wconf 89' lang='lat' dir='ltr'><strong>cum</strong></span> <span class='ocrx_word' id='word_1_346' title='bbox 419 3378 602 3458; x_wconf 89' lang='lat' dir='ltr'><strong>praesertim</strong></span> <span class='ocrx_word' id='word_1_347' title='bbox 625 3377 715 3437; x_wconf 91' lang='lat' dir='ltr'><strong>etiam</strong></span> <span class='ocrx_word' id='word_1_348' title='bbox 732 3374 938 3438; x_wconf 90' lang='lat' dir='ltr'><strong>Herodianus</strong></span> <span class='ocrx_word' id='word_1_349' title='bbox 962 3373 1168 3438; x_wconf 89' lang='lat' dir='ltr'><strong>disertissime</strong></span> <span class='ocrx_word' id='word_1_350' title='bbox 1190 3380 1360 3455; x_wconf 80' lang='lat' dir='ltr'><strong>memoriae</strong></span> <span class='ocrx_word' id='word_1_351' title='bbox 1383 3374 1558 3452; x_wconf 83' lang='lat' dir='ltr'><strong>tradiderit,</strong></span> <span class='ocrx_word' id='word_1_352' title='bbox 1582 3375 1621 3438; x_wconf 93' lang='lat' dir='ltr'><strong>ab</strong></span> <span class='ocrx_word' id='word_1_353' title='bbox 1645 3379 1781 3461; x_wconf 90' lang='lat' dir='ltr'><strong>impera-</strong></span> 
     </span>
     <span class='ocr_line' id='line_1_36' title="bbox 194 3462 1780 3549; baseline 0.001 -23"><span class='ocrx_word' id='word_1_354' title='bbox 194 3473 266 3527; x_wconf 88' lang='lat' dir='ltr'><strong>tore</strong></span> <span class='ocrx_word' id='word_1_355' title='bbox 283 3463 450 3526; x_wconf 85' lang='lat' dir='ltr'><strong>Antonino</strong></span> <span class='ocrx_word' id='word_1_356' title='bbox 467 3462 639 3539; x_wconf 88' lang='lat' dir='ltr'><strong>Caracalla,</strong></span> <span class='ocrx_word' id='word_1_357' title='bbox 654 3463 823 3527; x_wconf 85' lang='lat' dir='ltr'><strong>iuvenibus</strong></span> <span class='ocrx_word' id='word_1_358' title='bbox 840 3463 1030 3548; x_wconf 92' lang='lat' dir='ltr'><strong>quibusdam</strong></span> <span class='ocrx_word' id='word_1_359' title='bbox 1046 3464 1160 3549; x_wconf 87' lang='lat' dir='ltr'><strong>Sparta</strong></span> <span class='ocrx_word' id='word_1_360' title='bbox 1176 3467 1340 3541; x_wconf 89' lang='lat' dir='ltr'><strong>arcessitis,</strong></span> <span class='ocrx_word' id='word_1_361' title='bbox 1357 3465 1549 3528; x_wconf 91' lang='lat' dir='ltr'><strong>Laconicum</strong></span> <span class='ocrx_word' id='word_1_362' title='bbox 1566 3474 1597 3526; x_wconf 92' lang='lat' dir='ltr'><strong>et</strong></span> <span class='ocrx_word' id='word_1_363' title='bbox 1613 3466 1780 3528; x_wconf 88' lang='lat' dir='ltr'><strong>Pitanaten</strong></span> 
     </span>
     <span class='ocr_line' id='line_1_37' title="bbox 193 3551 1780 3638; baseline 0 -22"><span class='ocrx_word' id='word_1_364' title='bbox 193 3551 1780 3638; x_wconf 54' lang='lat' dir='ltr'><strong>hmmanmemMemfflwmm.meemsqmemnMwmmsmummmobmmmm</strong></span> 
     </span>
     <span class='ocr_line' id='line_1_38' title="bbox 194 3635 1780 3733; baseline 0.005 -33"><span class='ocrx_word' id='word_1_365' title='bbox 194 3635 1780 3733; x_wconf 40' lang='lat' dir='ltr'><strong>mffifflmoemfflfflfflffidffim&amp;Qmwmmwmffmfflmm-</strong></span> 
     </span>
     <span class='ocr_line' id='line_1_39' title="bbox 194 3724 1780 3821; baseline -0.003 -25"><span class='ocrx_word' id='word_1_366' title='bbox 194 3732 281 3806; x_wconf 85' lang='grc' dir='ltr'><em>νέας,</em></span> <span class='ocrx_word' id='word_1_367' title='bbox 303 3724 507 3797; x_wconf 77' lang='grc' dir='ltr'><em>Λακωνικὸν</em></span> <span class='ocrx_word' id='word_1_368' title='bbox 521 3730 578 3795; x_wconf 76' lang='grc' dir='ltr'><strong>καὶ</strong></span> <span class='ocrx_word' id='word_1_369' title='bbox 593 3725 797 3821; x_wconf 88' lang='grc' dir='ltr'><em>Πιτανάτην</em></span> <span class='ocrx_word' id='word_1_370' title='bbox 811 3725 925 3796; x_wconf 80' lang='grc' dir='ltr'><em>ἐκάλει</em></span> <span class='ocrx_word' id='word_1_371' title='bbox 947 3725 1066 3816; x_wconf 90' lang='grc' dir='ltr'><em>λόχον.</em></span> <span class='ocrx_word' id='word_1_372' title='bbox 1114 3731 1150 3792; x_wconf 96' lang='lat' dir='ltr'><strong>ln</strong></span> <span class='ocrx_word' id='word_1_373' title='bbox 1173 3730 1235 3792; x_wconf 93' lang='lat' dir='ltr'><strong>boc</strong></span> <span class='ocrx_word' id='word_1_374' title='bbox 1259 3736 1341 3792; x_wconf 89' lang='lat' dir='ltr'><strong>enim</strong></span> <span class='ocrx_word' id='word_1_375' title='bbox 1364 3731 1460 3794; x_wconf 90' lang='lat' dir='ltr'><strong>locho</strong></span> <span class='ocrx_word' id='word_1_376' title='bbox 1483 3729 1681 3794; x_wconf 89' lang='lat' dir='ltr'><strong>instituendo</strong></span> <span class='ocrx_word' id='word_1_377' title='bbox 1701 3731 1780 3793; x_wconf 92' lang='lat' dir='ltr'><strong>nibil</strong></span> 
     </span>
     <span class='ocr_line' id='line_1_40' title="bbox 108 3815 1780 3905; baseline 0.001 -25"><span class='ocrx_word' id='word_1_378' title='bbox 108 3889 111 3895; x_wconf 38' lang='grc'><em>,</em></span> <span class='ocrx_word' id='word_1_379' title='bbox 144 3829 147 3834; x_wconf 89' lang='grc'><strong>’</strong></span> <span class='ocrx_word' id='word_1_380' title='bbox 195 3815 283 3880; x_wconf 90' lang='lat' dir='ltr'><strong>aliud</strong></span> <span class='ocrx_word' id='word_1_381' title='bbox 307 3823 408 3902; x_wconf 78' lang='lat' dir='ltr'><strong>egisse</strong></span> <span class='ocrx_word' id='word_1_382' title='bbox 431 3821 650 3900; x_wconf 84' lang='lat' dir='ltr'><strong>imperatorem</strong></span> <span class='ocrx_word' id='word_1_383' title='bbox 674 3818 775 3895; x_wconf 90' lang='lat' dir='ltr'><strong>illum,</strong></span> <span class='ocrx_word' id='word_1_384' title='bbox 807 3820 867 3881; x_wconf 93' lang='lat' dir='ltr'><strong>nisi</strong></span> <span class='ocrx_word' id='word_1_385' title='bbox 893 3829 928 3882; x_wconf 91' lang='lat' dir='ltr'><strong>ut</strong></span> <span class='ocrx_word' id='word_1_386' title='bbox 949 3832 1087 3882; x_wconf 88' lang='lat' dir='ltr'><strong>veterem</strong></span> <span class='ocrx_word' id='word_1_387' title='bbox 1110 3817 1268 3902; x_wconf 89' lang='lat' dir='ltr'><strong>quendam</strong></span> <span class='ocrx_word' id='word_1_388' title='bbox 1289 3818 1614 3884; x_wconf 87' lang='lat' dir='ltr'><strong>Lacedaemoniorum</strong></span> <span class='ocrx_word' id='word_1_389' title='bbox 1636 3821 1780 3905; x_wconf 90' lang='lat' dir='ltr'><strong>ipsorum</strong></span> 
     </span>
     <span class='ocr_line' id='line_1_41' title="bbox 195 3906 1779 3993; baseline 0.002 -26"><span class='ocrx_word' id='word_1_390' title='bbox 195 3927 316 3968; x_wconf 91' lang='lat' dir='ltr'><strong>morem</strong></span> <span class='ocrx_word' id='word_1_391' title='bbox 345 3927 500 3989; x_wconf 87' lang='lat' dir='ltr'><strong>usumque</strong></span> <span class='ocrx_word' id='word_1_392' title='bbox 527 3917 713 3990; x_wconf 89' lang='lat' dir='ltr'><strong>sequeretur</strong></span> <span class='ocrx_word' id='word_1_393' title='bbox 743 3916 838 3990; x_wconf 88' lang='lat' dir='ltr'><strong>atque</strong></span> <span class='ocrx_word' id='word_1_394' title='bbox 867 3909 1052 3984; x_wconf 89' lang='lat' dir='ltr'><strong>imitaretur,</strong></span> <span class='ocrx_word' id='word_1_395' title='bbox 1085 3928 1155 3969; x_wconf 93' lang='lat' dir='ltr'><strong>cum</strong></span> <span class='ocrx_word' id='word_1_396' title='bbox 1183 3916 1298 3991; x_wconf 88' lang='lat' dir='ltr'><strong>suopte</strong></span> <span class='ocrx_word' id='word_1_397' title='bbox 1324 3909 1451 3991; x_wconf 89' lang='lat' dir='ltr'><strong>ingenio</strong></span> <span class='ocrx_word' id='word_1_398' title='bbox 1482 3909 1516 3970; x_wconf 90' lang='lat' dir='ltr'><strong>id</strong></span> <span class='ocrx_word' id='word_1_399' title='bbox 1540 3906 1724 3993; x_wconf 87' lang='lat' dir='ltr'><strong>contingere</strong></span> <span class='ocrx_word' id='word_1_400' title='bbox 1748 3917 1779 3971; x_wconf 91' lang='lat' dir='ltr'><strong>et</strong></span> 
     </span>
     <span class='ocr_line' id='line_1_42' title="bbox 195 3993 1778 4081; baseline 0.001 -26"><span class='ocrx_word' id='word_1_401' title='bbox 195 3998 389 4058; x_wconf 89' lang='lat' dir='ltr'><strong>comminisci</strong></span> <span class='ocrx_word' id='word_1_402' title='bbox 418 4015 617 4077; x_wconf 88' lang='lat' dir='ltr'><strong>nequaquam</strong></span> <span class='ocrx_word' id='word_1_403' title='bbox 645 4006 766 4079; x_wconf 90' lang='lat' dir='ltr'><strong>posset,</strong></span> <span class='ocrx_word' id='word_1_404' title='bbox 796 3997 865 4079; x_wconf 91' lang='lat' dir='ltr'><strong>quis</strong></span> <span class='ocrx_word' id='word_1_405' title='bbox 896 4006 943 4058; x_wconf 88' lang='lat' dir='ltr'><strong>est</strong></span> <span class='ocrx_word' id='word_1_406' title='bbox 975 3997 1029 4079; x_wconf 93' lang='lat' dir='ltr'><strong>qui</strong></span> <span class='ocrx_word' id='word_1_407' title='bbox 1058 4017 1125 4059; x_wconf 91' lang='lat' dir='ltr'><strong>non</strong></span> <span class='ocrx_word' id='word_1_408' title='bbox 1148 3993 1270 4058; x_wconf 84' lang='lat' dir='ltr'><strong>videat?</strong></span> <span class='ocrx_word' id='word_1_409' title='bbox 1317 3995 1410 4079; x_wconf 83' lang='lat' dir='ltr'><strong>Quae</strong></span> <span class='ocrx_word' id='word_1_410' title='bbox 1433 4020 1502 4061; x_wconf 93' lang='lat' dir='ltr'><strong>cum</strong></span> <span class='ocrx_word' id='word_1_411' title='bbox 1526 3997 1571 4059; x_wconf 90' lang='lat' dir='ltr'><strong>ita</strong></span> <span class='ocrx_word' id='word_1_412' title='bbox 1593 3999 1670 4074; x_wconf 90' lang='lat' dir='ltr'><strong>sint,</strong></span> <span class='ocrx_word' id='word_1_413' title='bbox 1701 3994 1778 4081; x_wconf 93' lang='lat' dir='ltr'><strong>quid</strong></span> 
     </span>
     <span class='ocr_line' id='line_1_43' title="bbox 194 4081 1777 4168; baseline 0.001 -24"><span class='ocrx_word' id='word_1_414' title='bbox 194 4081 1777 4168; x_wconf 49' lang='lat' dir='ltr'><strong>mfflwssmfflfflmmfflfflhmffihmfflmffiwmffimmmmw</strong></span> 
     </span>
     <span class='ocr_line' id='line_1_44' title="bbox 193 4169 1778 4256; baseline -0.001 -22"><span class='ocrx_word' id='word_1_415' title='bbox 193 4169 274 4256; x_wconf 91' lang='lat' dir='ltr'><strong>liqui</strong></span> <span class='ocrx_word' id='word_1_416' title='bbox 297 4169 424 4234; x_wconf 89' lang='lat' dir='ltr'><strong>videtur</strong></span> <span class='ocrx_word' id='word_1_417' title='bbox 448 4192 533 4249; x_wconf 87' lang='lat' dir='ltr'><strong>esse,</strong></span> <span class='ocrx_word' id='word_1_418' title='bbox 557 4173 617 4232; x_wconf 88' lang='lat' dir='ltr'><strong>nisi</strong></span> <span class='ocrx_word' id='word_1_419' title='bbox 640 4173 672 4234; x_wconf 90' lang='lat' dir='ltr'><strong>in</strong></span> <span class='ocrx_word' id='word_1_420' title='bbox 695 4173 780 4235; x_wconf 89' lang='lat' dir='ltr'><strong>bunc</strong></span> <span class='ocrx_word' id='word_1_421' title='bbox 802 4172 868 4235; x_wconf 85' lang='lat' dir='ltr'><strong>lere</strong></span> <span class='ocrx_word' id='word_1_422' title='bbox 891 4171 1019 4235; x_wconf 92' lang='lat' dir='ltr'><strong>modum</strong></span> <span class='ocrx_word' id='word_1_423' title='bbox 1043 4171 1083 4234; x_wconf 92' lang='lat' dir='ltr'><strong>de</strong></span> <span class='ocrx_word' id='word_1_424' title='bbox 1106 4195 1142 4235; x_wconf 92' lang='lat' dir='ltr'><strong>ea</strong></span> <span class='ocrx_word' id='word_1_425' title='bbox 1165 4194 1199 4234; x_wconf 88' lang='lat' dir='ltr'><strong>re</strong></span> <span class='ocrx_word' id='word_1_426' title='bbox 1222 4182 1385 4236; x_wconf 85' lang='lat' dir='ltr'><strong>statuatur.</strong></span> <span class='ocrx_word' id='word_1_427' title='bbox 1432 4176 1505 4236; x_wconf 88' lang='lat' dir='ltr'><strong>Fuit</strong></span> <span class='ocrx_word' id='word_1_428' title='bbox 1527 4195 1603 4238; x_wconf 88' lang='lat' dir='ltr'><strong>sane</strong></span> <span class='ocrx_word' id='word_1_429' title='bbox 1626 4177 1659 4236; x_wconf 93' lang='lat' dir='ltr'><strong>in</strong></span> <span class='ocrx_word' id='word_1_430' title='bbox 1683 4173 1778 4256; x_wconf 88' lang='lat' dir='ltr'><strong>Spar-</strong></span> 
     </span>
     <span class='ocr_line' id='line_1_45' title="bbox 195 4254 1777 4347; baseline 0.001 -26"><span class='ocrx_word' id='word_1_431' title='bbox 195 4268 341 4324; x_wconf 87' lang='lat' dir='ltr'><strong>tanorum</strong></span> <span class='ocrx_word' id='word_1_432' title='bbox 366 4261 504 4322; x_wconf 83' lang='lat' dir='ltr'><strong>exercitu</strong></span> <span class='ocrx_word' id='word_1_433' title='bbox 527 4254 633 4347; x_wconf 85' lang='grc' dir='ltr'><em>λόχος</em></span> <span class='ocrx_word' id='word_1_434' title='bbox 657 4259 792 4343; x_wconf 92' lang='lat' dir='ltr'><strong>quidam,</strong></span> <span class='ocrx_word' id='word_1_435' title='bbox 817 4263 871 4343; x_wconf 90' lang='lat' dir='ltr'><strong>qui</strong></span> <span class='ocrx_word' id='word_1_436' title='bbox 893 4260 946 4324; x_wconf 87' lang='lat' dir='ltr'><strong>vel</strong></span> <span class='ocrx_word' id='word_1_437' title='bbox 969 4282 986 4324; x_wconf 91' lang='lat' dir='ltr'><strong>e</strong></span> <span class='ocrx_word' id='word_1_438' title='bbox 1009 4260 1085 4324; x_wconf 85' lang='lat' dir='ltr'><strong>solis</strong></span> <span class='ocrx_word' id='word_1_439' title='bbox 1108 4262 1269 4340; x_wconf 90' lang='lat' dir='ltr'><strong>Pitanatis,</strong></span> <span class='ocrx_word' id='word_1_440' title='bbox 1291 4259 1343 4323; x_wconf 88' lang='lat' dir='ltr'><strong>vel</strong></span> <span class='ocrx_word' id='word_1_441' title='bbox 1364 4265 1524 4325; x_wconf 87' lang='lat' dir='ltr'><strong>maximam</strong></span> <span class='ocrx_word' id='word_1_442' title='bbox 1549 4272 1633 4327; x_wconf 88' lang='lat' dir='ltr'><strong>certe</strong></span> <span class='ocrx_word' id='word_1_443' title='bbox 1655 4271 1777 4346; x_wconf 89' lang='lat' dir='ltr'><strong>partem</strong></span> 
     </span>
     <span class='ocr_line' id='line_1_46' title="bbox 196 4344 1778 4437; baseline 0.01 -28"><span class='ocrx_word' id='word_1_444' title='bbox 196 4367 232 4409; x_wconf 87' lang='lat' dir='ltr'><strong>cx</strong></span> <span class='ocrx_word' id='word_1_445' title='bbox 254 4351 292 4413; x_wconf 92' lang='lat' dir='ltr'><strong>iis</strong></span> <span class='ocrx_word' id='word_1_446' title='bbox 317 4347 492 4424; x_wconf 89' lang='lat' dir='ltr'><strong>constabat,</strong></span> <span class='ocrx_word' id='word_1_447' title='bbox 517 4369 649 4433; x_wconf 85' lang='lat' dir='ltr'><strong>eamque</strong></span> <span class='ocrx_word' id='word_1_448' title='bbox 673 4347 716 4414; x_wconf 93' lang='lat' dir='ltr'><strong>ob</strong></span> <span class='ocrx_word' id='word_1_449' title='bbox 741 4370 882 4412; x_wconf 90' lang='lat' dir='ltr'><strong>caussam</strong></span> <span class='ocrx_word' id='word_1_450' title='bbox 905 4347 991 4413; x_wconf 91' lang='lat' dir='ltr'><strong>haud</strong></span> <span class='ocrx_word' id='word_1_451' title='bbox 1013 4352 1126 4413; x_wconf 91' lang='lat' dir='ltr'><strong>iniuria</strong></span> <span class='ocrx_word' id='word_1_452' title='bbox 1149 4351 1215 4414; x_wconf 88' lang='lat' dir='ltr'><strong>sive</strong></span> <span class='ocrx_word' id='word_1_453' title='bbox 1238 4346 1341 4437; x_wconf 86' lang='grc' dir='ltr'><em>λόχος</em></span> <span class='ocrx_word' id='word_1_454' title='bbox 1357 4347 1564 4420; x_wconf 70' lang='grc' dir='ltr'><em>Πιτανατῶν</em></span> <span class='ocrx_word' id='word_1_455' title='bbox 1585 4352 1651 4413; x_wconf 71' lang='lat' dir='ltr'><strong>slve</strong></span> <span class='ocrx_word' id='word_1_456' title='bbox 1673 4344 1778 4436; x_wconf 73' lang='grc' dir='ltr'><em>λόχος</em></span> 
     </span>
     <span class='ocr_line' id='line_1_47' title="bbox 195 4430 1776 4531; baseline 0.003 -34"><span class='ocrx_word' id='word_1_457' title='bbox 195 4433 277 4500; x_wconf 88' lang='lat' dir='ltr'><strong>adeo</strong></span> <span class='ocrx_word' id='word_1_458' title='bbox 302 4430 504 4531; x_wconf 86' lang='grc' dir='ltr'><em>Πιτανάτης</em></span> <span class='ocrx_word' id='word_1_459' title='bbox 526 4436 589 4500; x_wconf 91' lang='lat' dir='ltr'><strong>dici</strong></span> <span class='ocrx_word' id='word_1_460' title='bbox 610 4440 724 4522; x_wconf 89' lang='lat' dir='ltr'><strong>potuit.</strong></span> <span class='ocrx_word' id='word_1_461' title='bbox 771 4438 862 4501; x_wconf 87' lang='lat' dir='ltr'><strong>Haec</strong></span> <span class='ocrx_word' id='word_1_462' title='bbox 884 4448 987 4502; x_wconf 88' lang='lat' dir='ltr'><strong>autem</strong></span> <span class='ocrx_word' id='word_1_463' title='bbox 1010 4437 1094 4502; x_wconf 91' lang='lat' dir='ltr'><strong>illius</strong></span> <span class='ocrx_word' id='word_1_464' title='bbox 1118 4438 1204 4503; x_wconf 89' lang='lat' dir='ltr'><strong>lochi</strong></span> <span class='ocrx_word' id='word_1_465' title='bbox 1226 4438 1400 4525; x_wconf 88' lang='lat' dir='ltr'><strong>appellatio</strong></span> <span class='ocrx_word' id='word_1_466' title='bbox 1423 4444 1556 4525; x_wconf 90' lang='lat' dir='ltr'><strong>primum</strong></span> <span class='ocrx_word' id='word_1_467' title='bbox 1578 4437 1665 4523; x_wconf 92' lang='lat' dir='ltr'><strong>apud</strong></span> <span class='ocrx_word' id='word_1_468' title='bbox 1688 4441 1776 4523; x_wconf 89' lang='lat' dir='ltr'><strong>ipsos</strong></span> 
     </span>
    </p>
   </div>
   <div class='ocr_carea' id='block_1_3' title="bbox 194 4571 406 4583">
    <p class='ocr_par' dir='ltr' id='par_1_4' title="bbox 194 4571 406 4583">
     <span class='ocr_line' id='line_1_48' title="bbox 194 4571 406 4583; baseline -0.005 -2"><span class='ocrx_word' id='word_1_469' title='bbox 194 4571 406 4583; x_wconf 73' lang='lat'>——..-</span> 
     </span>
    </p>
   </div>
   <div class='ocr_carea' id='block_1_4' title="bbox 265 4625 1777 4917">
    <p class='ocr_par' dir='ltr' id='par_1_5' title="bbox 265 4625 1777 4917">
     <span class='ocr_line' id='line_1_49' title="bbox 266 4625 1776 4704; baseline 0.002 -21"><span class='ocrx_word' id='word_1_470' title='bbox 266 4627 328 4683; x_wconf 81' lang='lat' dir='ltr'><strong>coris</strong></span> <span class='ocrx_word' id='word_1_471' title='bbox 344 4629 584 4697; x_wconf 74' lang='grc' dir='ltr'><em>πεντακισχιλίους,</em></span> <span class='ocrx_word' id='word_1_472' title='bbox 604 4629 698 4687; x_wconf 73' lang='grc' dir='ltr'><em>ἰόντας</em></span> <span class='ocrx_word' id='word_1_473' title='bbox 716 4625 901 4704; x_wconf 65' lang='grc' dir='ltr'><em>Σπαρτιάτας,</em></span> <span class='ocrx_word' id='word_1_474' title='bbox 921 4629 1066 4701; x_wconf 72' lang='grc' dir='ltr'><em>ἐφύλασσον</em></span> <span class='ocrx_word' id='word_1_475' title='bbox 1084 4633 1161 4704; x_wconf 78' lang='grc' dir='ltr'><em>ψιλοὶ</em></span> <span class='ocrx_word' id='word_1_476' title='bbox 1178 4631 1234 4687; x_wconf 87' lang='grc' dir='ltr'><em>τῶν</em></span> <span class='ocrx_word' id='word_1_477' title='bbox 1250 4631 1397 4689; x_wconf 64' lang='lat' dir='ltr'><strong>attactae</strong></span> <span class='ocrx_word' id='word_1_478' title='bbox 1413 4631 1621 4698; x_wconf 80' lang='grc' dir='ltr'><em>πεντακιςχίλιοι</em></span> <span class='ocrx_word' id='word_1_479' title='bbox 1639 4641 1684 4686; x_wconf 87' lang='grc' dir='ltr'><strong>καὶ</strong></span> <span class='ocrx_word' id='word_1_480' title='bbox 1702 4651 1776 4703; x_wconf 75' lang='grc' dir='ltr'><em>τριτ-</em></span> 
     </span>
     <span class='ocr_line' id='line_1_50' title="bbox 265 4697 1777 4778; baseline 0.003 -24"><span class='ocrx_word' id='word_1_481' title='bbox 265 4705 364 4769; x_wconf 81' lang='grc' dir='ltr'><em>μύριοι,</em></span> <span class='ocrx_word' id='word_1_482' title='bbox 381 4710 442 4772; x_wconf 77' lang='grc' dir='ltr'><em>περὶ</em></span> <span class='ocrx_word' id='word_1_483' title='bbox 461 4698 547 4768; x_wconf 73' lang='grc' dir='ltr'><em>ἄνδρα</em></span> <span class='ocrx_word' id='word_1_484' title='bbox 568 4702 679 4759; x_wconf 72' lang='grc' dir='ltr'><em>ἕκαστον</em></span> <span class='ocrx_word' id='word_1_485' title='bbox 697 4703 765 4756; x_wconf 81' lang='grc' dir='ltr'><em>ἑπτά</em></span> <span class='ocrx_word' id='word_1_486' title='bbox 782 4707 947 4773; x_wconf 84' lang='grc' dir='ltr'><em>τεταγμένοι.</em></span> <span class='ocrx_word' id='word_1_487' title='bbox 975 4704 1139 4777; x_wconf 86' lang='lat' dir='ltr'><strong>maximeque</strong></span> <span class='ocrx_word' id='word_1_488' title='bbox 1158 4722 1214 4778; x_wconf 86' lang='lat' dir='ltr'><strong>cap.</strong></span> <span class='ocrx_word' id='word_1_489' title='bbox 1231 4706 1280 4759; x_wconf 78' lang='lat'><strong>29:</strong></span> <span class='ocrx_word' id='word_1_490' title='bbox 1304 4705 1395 4771; x_wconf 80' lang='grc' dir='ltr'><em>ψιλῶν</em></span> <span class='ocrx_word' id='word_1_491' title='bbox 1413 4703 1440 4759; x_wconf 69' lang='grc' dir='ltr'><strong>δι’</strong></span> <span class='ocrx_word' id='word_1_492' title='bbox 1458 4699 1563 4770; x_wconf 75' lang='grc' dir='ltr'><em>πλῆθος</em></span> <span class='ocrx_word' id='word_1_493' title='bbox 1580 4697 1613 4771; x_wconf 81' lang='grc' dir='ltr'><strong>ἦν</strong></span> <span class='ocrx_word' id='word_1_494' title='bbox 1630 4702 1704 4759; x_wconf 78' lang='grc' dir='ltr'><em>τάδε·</em></span> <span class='ocrx_word' id='word_1_495' title='bbox 1728 4701 1777 4772; x_wconf 73' lang='grc' dir='ltr'><em>τῆς</em></span> 
     </span>
     <span class='ocr_line' id='line_1_51' title="bbox 265 4770 1776 4849; baseline 0.003 -25"><span class='ocrx_word' id='word_1_496' title='bbox 265 4772 316 4840; x_wconf 74' lang='grc' dir='ltr'><strong>μὲν</strong></span> <span class='ocrx_word' id='word_1_497' title='bbox 339 4772 544 4844; x_wconf 76' lang='grc' dir='ltr'><em>Σπαρτιητικῆς</em></span> <span class='ocrx_word' id='word_1_498' title='bbox 571 4770 665 4837; x_wconf 75' lang='grc' dir='ltr'><em>τάξιος</em></span> <span class='ocrx_word' id='word_1_499' title='bbox 687 4775 890 4841; x_wconf 76' lang='grc' dir='ltr'><em>πεντακισχίλιοι</em></span> <span class='ocrx_word' id='word_1_500' title='bbox 915 4782 959 4828; x_wconf 81' lang='grc' dir='ltr'><strong>καὶ</strong></span> <span class='ocrx_word' id='word_1_501' title='bbox 983 4773 1133 4847; x_wconf 77' lang='grc' dir='ltr'><em>τρισμύριοι</em></span> <span class='ocrx_word' id='word_1_502' title='bbox 1156 4772 1263 4849; x_wconf 71' lang='grc' dir='ltr'><em>ἄνδρες,</em></span> <span class='ocrx_word' id='word_1_503' title='bbox 1290 4773 1325 4830; x_wconf 71' lang='grc' dir='ltr'><strong>ῶς</strong></span> <span class='ocrx_word' id='word_1_504' title='bbox 1353 4777 1453 4831; x_wconf 80' lang='grc' dir='ltr'><em>ε’όντισν</em></span> <span class='ocrx_word' id='word_1_505' title='bbox 1480 4770 1639 4845; x_wconf 65' lang='grc' dir='ltr'><em>ἑπτύπερὶ</em></span> <span class='ocrx_word' id='word_1_506' title='bbox 1665 4776 1776 4831; x_wconf 79' lang='grc' dir='ltr'><em>ἕκαστον</em></span> 
     </span>
     <span class='ocr_line' id='line_1_52' title="bbox 267 4837 1232 4917; baseline 0.009 -24"><span class='ocrx_word' id='word_1_507' title='bbox 267 4837 366 4911; x_wconf 75' lang='grc' dir='ltr'><em>ἄνδρα·</em></span> <span class='ocrx_word' id='word_1_508' title='bbox 389 4853 433 4896; x_wconf 78' lang='grc' dir='ltr'><strong>καὶ</strong></span> <span class='ocrx_word' id='word_1_509' title='bbox 451 4851 591 4899; x_wconf 76' lang='grc' dir='ltr'><em>τουτέων</em></span> <span class='ocrx_word' id='word_1_510' title='bbox 608 4841 671 4899; x_wconf 74' lang='grc' dir='ltr'><em>τοῖς</em></span> <span class='ocrx_word' id='word_1_511' title='bbox 688 4863 737 4899; x_wconf 78' lang='grc' dir='ltr'><strong>τις</strong></span> <span class='ocrx_word' id='word_1_512' title='bbox 755 4843 951 4915; x_wconf 77' lang='grc' dir='ltr'><em>παρήρτητο</em></span> <span class='ocrx_word' id='word_1_513' title='bbox 969 4843 1009 4902; x_wconf 80' lang='lat' dir='ltr'><strong>eis</strong></span> <span class='ocrx_word' id='word_1_514' title='bbox 1028 4847 1058 4902; x_wconf 70' lang='grc' dir='ltr'><strong>ἐς</strong></span> <span class='ocrx_word' id='word_1_515' title='bbox 1075 4846 1232 4917; x_wconf 81' lang='grc' dir='ltr'><em>πόλεμον.</em></span> 
     </span>
    </p>
   </div>
   <div class='ocr_carea' id='block_1_5' title="bbox 223 4908 1565 5077">
    <p class='ocr_par' dir='ltr' id='par_1_6' title="bbox 223 4908 1565 5077">
     <span class='ocr_line' id='line_1_53' title="bbox 223 4908 845 4990; baseline 0.01 -23"><span class='ocrx_word' id='word_1_516' title='bbox 223 4908 845 4990; x_wconf 51' lang='lat' dir='ltr'><strong>Ufflfflfflmffistmbpm</strong></span> 
     </span>
     <span class='ocr_line' id='line_1_54' title="bbox 1548 5025 1565 5077; baseline 0 0"><span class='ocrx_word' id='word_1_517' title='bbox 1548 5025 1565 5077; x_wconf 84' lang='lat'>5</span> 
     </span>
    </p>
   </div>
   <div class='ocr_carea' id='block_1_6' title="bbox 0 0 1980 5648">
    <p class='ocr_par' dir='ltr' id='par_1_7' title="bbox 0 0 1980 5648">
     <span class='ocr_line' id='line_1_55' title="bbox 0 0 1980 5648; baseline 0 4"><span class='ocrx_word' id='word_1_518' title='bbox 0 0 1980 5648; x_wconf 95' lang='lat' dir='ltr'><strong> </strong></span> 
     </span>
    </p>
   </div>
  </div>
 </body>
</html>
