3952 5648
197 465 316 550 possit,
346 459 402 524 sed
432 459 564 523 eandem
593 459 795 523 subtilissime
825 458 906 522 adeo
936 459 1138 541 excogitatam
1168 453 1410 520 eoncedendum
1434 457 1481 518 sit.
1527 454 1597 520 Nec
1619 466 1723 518 tamen
1746 451 1780 517 id

199 580 261 634 tam
284 589 344 652 pro
368 578 554 653 argumento
578 588 647 628 curn
666 568 829 650 Poppone,
854 586 946 650 quam
968 585 1026 648 pro
1050 565 1232 628 coniectura
1254 551 1502 646 ingeniosissima
1525 559 1704 624 habendum
1722 570 1778 624 est.

137 727 140 732 .
200 676 273 739 Hoc
296 695 374 739 vero
394 694 463 737 uon
481 672 800 757 praetermittendum
826 671 899 734 duxi
924 668 1026 759 (quod
1052 669 1242 753 interpretes
1267 669 1305 732 ad
1330 670 1358 732 h.
1376 668 1394 731 Ι.
1413 668 1527 752 fugisse
1542 671 1662 746 miror),
1687 668 1779 729 etiam

199 803 365 845 numerum
389 779 530 855 militum,
555 781 607 862 qui
632 781 663 840 in
687 777 817 863 singulis
842 776 971 840 Achillis
994 775 1128 838 navibus
1153 784 1250 853 erant,
1274 773 1313 837 ab
1330 777 1483 852 Homero,
1508 775 1567 836 etsi
1589 789 1656 866 non
1677 775 1709 835 in
1727 792 1780 834 ca-

196 886 305 972 talogo
330 890 464 965 navium,
488 885 608 949 diserte
630 885 875 961 commemorari,
898 882 930 946 ll.
948 909 980 960 π,
1002 905 1032 945 v.
1051 887 1171 968 169sq.

1011 1025 1052 1039 ·—
1075 991 1112 1056 ἐν
1135 985 1163 1056 δ’
1184 985 1238 1079 ἄρ’
1261 983 1380 1078 ἑκάστῃ

565 1090 756 1189 πεντήκοντ’
779 1100 863 1164 ἕσαν
885 1091 1006 1188 ἄνδρες
1029 1095 1079 1163 ἐπὶ
1102 1100 1236 1185 κληῖσιν
1257 1097 1395 1186 ἑταῖροι.

197 1205 337 1290 ideoque
366 1208 414 1274 ἐν’
434 1201 521 1273 νεών
549 1199 728 1288 καταλόγῳ
751 1201 911 1265 addidisse
934 1200 1158 1285 'lhucydidem
1180 1201 1297 1277 videri,
1321 1203 1504 1284 neutiquam
1528 1197 1572 1262 oh
1595 1218 1661 1261 eam
1686 1216 1780 1281 quam

196 1312 382 1376 scholiastes
407 1312 509 1374 attulit
532 1330 686 1372 caussam:
709 1312 777 1376 ε”στι
794 1303 860 1401 γαρ
881 1310 937 1376 καὶ
961 1304 1096 1400 ἀνδρῶν
1117 1303 1194 1399 παρ’
1217 1304 1310 1391 αὐτῷ
1330 1301 1527 1392 κατάλογος.
1575 1303 1639 1367 Sed
1653 1304 1779 1387 Thucy·

196 1417 278 1480 didis
295 1416 336 1480 de
352 1439 484 1481 numero
502 1416 699 1480 Graecorum
716 1419 953 1501 argumentatio,
978 1420 1099 1479 tametsi
1116 1415 1163 1476 his
1181 1412 1307 1476 duobus
1332 1412 1407 1475 solis
1433 1435 1469 1475 ex
1493 1409 1636 1493 catalogo
1652 1413 1778 1472 naviutn

195 1525 328 1587 Homeri
355 1523 433 1588 locis
456 1523 580 1599 nititur,
608 1532 712 1585 tarneu
736 1543 778 1585 ne
800 1522 856 1586 illo
881 1521 1008 1606 quidem
1031 1524 1124 1585 tertio
1148 1519 1288 1582 eiusdem
1315 1528 1432 1603 poetae
1459 1516 1534 1580 loco
1558 1514 1667 1579 addito
1691 1518 1779 1599 quie-

197 1650 289 1712 quam
312 1634 344 1693 in
369 1632 605 1714 cornputatione
629 1627 669 1690 eh
693 1628 845 1692 historico
870 1631 946 1691 inita
969 1630 1123 1692 immutari
1146 1628 1220 1687 satis
1244 1635 1386 1710 apparet.

327 1734 409 1820 Cap.
429 1741 481 1803 lt:
511 1730 622 1827 ἕπειδή
645 1733 683 1802 δι’
706 1730 908 1827 ἀφικόμενοι
931 1726 1029 1824 μάχῃ
1053 1727 1260 1825 ἐκράτησαν,
1283 1730 1408 1826 (δῆλον
1431 1731 1483 1798 δέ·
1514 1724 1555 1796 ed
1577 1721 1643 1820 yolp
1666 1729 1779 1819 ἔρυμα

194 1840 240 1928 τῷ
260 1841 479 1932 στραποπίδτρ
506 1836 569 1906 οὐκ
592 1838 637 1907 ἄν
660 1841 901 1927 ἐτειχίσαντο)
930 1844 1112 1935 φαίνονται
1134 1834 1163 1907 δ’
1186 1832 1267 1936 ον’δἈ,
1282 1837 1434 1905 ἐνταῦθα
1456 1831 1546 1926 πάσῃ
1569 1833 1613 1924 τῇ
1635 1828 1779 1916 δυνάμει

193 1944 420 2040 χρησάμενοι,
454 1942 545 2014 ἀλλά
575 1941 658 2040 πρὸς
687 1953 855 2040 γεωργιαν
882 1949 940 2041 τῆς
971 1941 1193 2040 Χερσονήσου
1222 1941 1431 2037 τραπίμενοι
1457 1944 1515 2009 καὶ
1540 1945 1697 2033 λῃστείαν
1720 1935 1779 2029 τῆς

193 2053 320 2146 τροφῆς
335 2047 479 2144 ἀπορίᾳ.
517 2052 552 2115 ld
575 2053 722 2138 proiecto
746 2075 816 2115 eum
838 2057 898 2115 iam
922 2073 980 2137 per
1003 2074 1036 2114 se
1059 2052 1227 2114 verisimile
1251 2055 1304 2129 sit,
1327 2052 1485 2114 Troianos
1503 2049 1634 2113 Graecis
1656 2047 1691 2110 in
1714 2054 1779 2107 ter-

196 2181 263 2222 ram
287 2181 374 2222 suam
399 2158 644 2222 escendentibus
668 2162 831 2237 restitisse,
856 2170 887 2222 et
902 2158 1030 2242 proelio
1048 2157 1170 2221 demum
1188 2156 1331 2220 devictos
1348 2161 1390 2220 ita
1405 2160 1583 2233 recessisse,
1606 2163 1641 2216 ut
1656 2152 1778 2235 navigia

195 2264 282 2328 litori
306 2264 422 2348 appelli
446 2275 591 2349 possent,
619 2275 685 2328 tum
709 2269 800 2329 etiam
825 2287 861 2328 ex
885 2253 1028 2329 Homero
1052 2272 1123 2348 ipso
1148 2262 1383 2348 quodammodo
1409 2263 1581 2348 colligitur,
1606 2257 1778 2350 quodiam

193 2370 378 2434 scholiastes
401 2371 528 2433 videtur
551 2374 698 2451 sensisse,
722 2369 761 2442 ad
785 2370 883 2434 verba
906 2371 1003 2462 μα’χῃ
1027 2369 1219 2463 ἐκράτησαν
1241 2369 1319 2432 haec
1341 2368 1526 2433 subiiciens:
1554 2366 1598 2461 τῇ
1620 2366 1677 2461 τῆς
1692 2352 1778 2432 cluo-

191 2473 328 2564 βοίοεως
349 2469 398 2551 εἰς
419 2472 481 2564 τήν
504 2474 614 2570 ξρραν
637 2477 703 2547 τών
717 2477 813 2556 νεών,
837 2478 874 2545 ἐν
893 2473 914 2570 ᾗ
933 2480 1170 2570 Πρωτεσίλαος
1185 2479 1302 2543 πίστει.
1341 2477 1392 2539 De
1408 2498 1473 2560 quo
1488 2487 1584 2554 vates,
1607 2496 1678 2538 cum
1694 2471 1779 2536 dicat

193 2582 230 2647 ll.
247 2586 282 2671 β.
305 2606 334 2647 v·
353 2588 415 2654 701
433 2605 480 2668 sq.
525 2621 569 2632 -·
592 2577 652 2651 τόν
675 2578 702 2651 δ’
725 2587 848 2651 ἔκτανε
871 2583 1053 2677 Δάρδανος
1075 2581 1173 2676 α’νήρ,

520 2684 603 2778 νηὸς
625 2686 902 2780 ἀποθρώσκοντα
924 2686 1010 2758 πολι)
1032 2687 1219 2782 πρώτιστον
1241 2684 1407 2774 Ἀχαιῶν,

198 2791 267 2873 quis
292 2799 340 2871 est
363 2792 418 2871 qui
440 2811 507 2852 rron
531 2792 644 2865 videat,
668 2812 734 2852 non
753 2794 862 2852 ducem
879 2796 980 2853 solum
1000 2795 1204 2853 Protesilaum
1222 2813 1239 2850 a
1256 2793 1411 2853 Dardano
1426 2792 1564 2873 quodam
1579 2790 1778 2852 interiectum

194 2913 271 2969 esse,
295 2891 353 2954 sed
375 2889 499 2975 proelio
522 2893 555 2952 in
577 2890 680 2956 litoris
704 2895 841 2979 appulsu
864 2898 1031 2960 commisso
1056 2917 1125 2957 eum
1148 2894 1253 2957 multis
1277 2895 1344 2957 aliis
1369 2875 1498 2959 suorum
1522 2895 1631 2959 saltem
1647 2896 1778 2959 militum

193 2997 364 3061 cecidisse?
392 2996 574 3059 Eustathius
599 2997 639 3059 ad
663 2999 681 3064 l.
697 3022 737 3063 o:
761 2998 799 3067 τό
821 2999 860 3068 δὲ
875 2997 1148 3093 πολοπρώτιστον
1163 2995 1250 3092 πρός
1265 2997 1446 3093 διαστσλήν
1467 3005 1615 3093 εἰρηται·
1640 2998 1778 3069 πολλῶν

192 3097 259 3195 γαρ
282 3097 502 3194 ἕκδορόντων
524 3103 581 3168 καὶ
605 3099 778 3171 πεσόντων
801 3104 854 3174 ἀεὶ
878 3106 1010 3200 πρώτος
1032 3107 1051 3175 ὁ
1074 3104 1139 3200 πρό
1162 3132 1253 3183 τινος
1274 3117 1415 3175 πίπτων·
1438 3105 1525 3173 πολι)
1541 3105 1579 3174 δε1
1594 3103 1778 3201 πρώτιστος

193 3208 212 3276 ὁ
231 3209 482 3302 Πρωτεσίλαος,
504 3219 535 3271 et
556 3218 591 3270 ut
607 3208 792 3294 posterioris
809 3217 918 3275 aetatis
935 3218 1121 3298 scriptorem
1138 3215 1183 3278 ln.
1201 3216 1347 3278 Tzetzam
1366 3216 1545 3294 (Antehom.
1562 3237 1591 3278 v.
1608 3221 1776 3297 250-51)

193 3335 260 3378 non
283 3337 572 3392 commemoremus,
596 3318 656 3378 iam
680 3317 764 3401 apud
782 3318 934 3382 Ovidium
958 3333 1093 3406 poetam,
1118 3321 1202 3384 haud
1227 3320 1323 3385 dubie
1341 3320 1495 3405 Cyclicos
1517 3322 1659 3406 poetes¹)
1684 3342 1775 3384 secu-

193 3431 266 3497 tum,
289 3429 397 3503 aperte
419 3420 502 3484 illius
527 3443 652 3506 pugnae
675 3428 793 3489 mentio
817 3426 862 3503 fit,
888 3427 1015 3491 Metam.
1033 3429 1099 3506 Xll,
1124 3451 1151 3491 v.
1169 3433 1211 3496 66
1228 3449 1295 3512 sqq.
1743 3406 1746 3411 ἱ

722 3569 761 3580 -
786 3529 968 3597 Prohibent
990 3532 1093 3609 adim,
1118 3532 1260 3621 litusque
1283 3513 1438 3596 tuentur*

566 3633 683 3717 Trois,
708 3645 741 3700 et
762 3635 931 3702 Hectoreo
949 3639 1082 3725 priores
1094 3638 1266 3729 fataliter
1287 3637 1401 3719 hesta,

563 3740 768 3824 Protesilai,
794 3742 902 3823 cadis,
928 3746 1174 3834 commissoque
1192 3745 1330 3832 proelia
1352 3767 1475 3832 roogno

541 3856 661 3911 stant
676 3846 826 3929 Danais,
838 3851 1015 3940 sortisque
1038 3850 1174 3916 animae
1197 3874 1279 3916 nece
1303 3849 1458 3938 cognitus
1481 3850 1614 3916 Hector
1626 3855 1663 3934 ²).

325 3968 388 4034 Sed
420 3969 508 4056 quod
532 3993 549 4033 a
572 3972 764 4056 Thucydide
788 3973 921 4036 affertur
944 3985 1157 4058 argumentum
1187 3971 1245 4056 (ed
1267 3971 1335 4070 yolp
1357 3980 1469 4068 ἔρυμα
1492 3973 1538 4064 τῷ
1561 3958 1774 4071 στρατοπίδῳ

133 4172 135 4175 Ι
193 4073 255 4144 οὐκ
278 4073 323 4143 ἂν
344 4078 574 4164 ἐτειχίσαντο)
598 4078 815 4143 difficultatem
840 4080 934 4144 habet
957 4081 1041 4145 haud
1065 4085 1218 4165 exiguam,
1248 4107 1317 4146 eram
1342 4105 1406 4168 quo
1432 4096 1461 4146 te
1485 4106 1611 4168 cunque
1633 4090 1773 4165 verteris,

125 4216 127 4220 v
195 4183 344 4268 quidnam
374 4185 510 4266 scriptor
537 4187 719 4249 munimenti
747 4185 887 4248 iudicare
914 4188 1062 4264 voluerit,
1094 4189 1177 4252 haud
1206 4189 1298 4251 laeile
1331 4187 1370 4250 ad
1402 4188 1555 4279 liquidum
1578 4192 1772 4276 perduxeris.

194 4291 275 4353 Nam
298 4288 384 4350 illum
408 4311 529 4351 murum
554 4310 590 4349 ac
614 4289 738 4368 fossam,
762 4314 842 4376 quae
859 4294 996 4357 Nestore
1019 4304 1149 4357 auctore
1173 4297 1304 4358 navibus
1323 4294 1521 4360 Graecorum
1538 4295 1772 4362 circumdaban-

215 4445 246 4548 ⁴¹)
265 4478 306 4535 Cl.
326 4498 392 4555 quae
410 4477 477 4533 infra
496 4499 529 4536 ex
548 4478 636 4538 Procli
655 4483 855 4539 chrestomathia
875 4487 993 4552 citantur,
1012 4507 1038 4564 p.
1051 4489 1076 4554 8,
1095 4496 1148 4542 not.
1162 4491 1187 4544 4.

219 4571 246 4638 ¹)
265 4564 332 4620 Nam
350 4567 395 4622 ille
415 4566 555 4639 Δάρδανος
572 4569 641 4641 α’νήρ
665 4570 735 4648 apud
753 4569 896 4628 Homerum
916 4571 1014 4631 Hector
1031 4579 1089 4651 ipse
1108 4599 1121 4632 a
1140 4575 1271 4633 veteribus
1290 4575 1398 4649 dicitur,
1421 4597 1574 4656 quamquam
1598 4586 1625 4632 el
1648 4576 1691 4635 alii
1709 4599 1772 4635 non·

264 4653 343 4717 nulli,
366 4656 398 4710 de
417 4656 512 4732 quihus
531 4657 581 4712 vid.
600 4658 735 4727 Eustath.,
763 4670 791 4714 et
807 4661 906 4717 scholia
925 4664 993 4740 apud
1013 4662 1159 4719 Bellienum
1178 4665 1209 4720 ad
1229 4664 1256 4726 ll.
1275 4676 1303 4739 β.
1321 4689 1347 4722 ν.
1362 4672 1421 4724 701.
1457 4667 1645 4724 Verumtamen
1667 4669 1773 4745 siquid

265 4745 427 4822 coniecturae
447 4745 621 4813 tribuendum,
640 4747 755 4804 Aeneam
774 4752 872 4827 petius,
892 4755 991 4830 quippe
1010 4757 1055 4830 qui
1074 4752 1256 4812 Dardanorum
1275 4756 1328 4813 dux
1347 4757 1436 4825 luerit,
1454 4776 1531 4832 quam
1549 4752 1689 4815 Hectorem
1708 4754 1772 4814 Tro·

263 4835 381 4888 ianorum
398 4832 490 4891 ducem
509 4835 540 4891 ab
558 4833 674 4893 Homero
692 4837 800 4896 indicari
819 4840 902 4899 anulis.
938 4843 968 4901 ΙΙ.
986 4853 1012 4918 β.
1031 4847 1083 4902 816
1102 4853 1129 4898 et
1147 4847 1207 4902 819.
