3952 5648
966 220 1024 308 10

209 456 280 529 τοῖς
307 452 344 520 ἕν
371 447 417 540 τῷ
444 447 554 542 ἄκρῳ,
587 451 645 517 ἵνα
667 443 749 536 μήτε
772 440 893 514 αὐτοὶ
914 451 1006 523 ταῖς
1026 443 1102 514 τῶν
1123 444 1289 538 ἐχθρῶν
1311 439 1483 539 ἐφόδοις
1505 439 1787 532 βλάπτωνται,

207 559 266 628 καὶ
292 553 332 627 τό
358 557 462 644 μέσον
491 553 530 624 δι’
558 553 746 648 συντηρῶσι
773 547 936 621 δεδιότων
962 552 1030 621 τῶν
1057 551 1199 644 ἐχθρῶν
1220 548 1282 646 την
1304 549 1480 620 κύκλωσιν.
1520 560 1550 613 et
1573 547 1671 612 soboi.
1696 545 1786 611 Vict.

209 663 249 727 ad
272 688 300 728 r.
317 667 356 735 82'
379 670 494 750 τεῖχος
521 659 588 729 τῶν
617 659 732 729 ἄλλων
760 656 848 727 νεῶν
871 661 1034 747 ἐποίησαν
1057 654 1116 735 τάς
1138 653 1240 735 ι’δίας,
1271 656 1316 735 ῶς
1339 658 1397 725 καὶ
1420 653 1517 724 αὐτοὶ
1540 653 1609 722 τῶν
1629 649 1787 741 Ἀχαιῶν
1827 649 1829 653 ’

207 761 304 864 ἦσαν.
343 772 492 853 Denique
516 791 551 832 ea
578 789 716 852 quoque,
740 789 823 850 quae
837 767 974 830 Achilles
998 789 1082 831 nova
1100 766 1297 831 Graecorum
1322 787 1428 850 opera,
1451 785 1572 826 murum
1597 762 1788 846 fossamque,

208 872 358 939 deridens
384 873 540 952 edisserit,
570 896 639 936 cum
663 870 790 935 laudum
813 893 939 936 suarum
963 875 1097 936 iactator
1120 872 1210 951 dicit,
1242 874 1427 947 Hectorem,
1456 872 1545 932 cuius
1568 871 1703 954 impetus
1725 870 1787 933 iam

208 979 248 1044 ab
265 984 500 1067 Agamemnone
523 980 622 1044 nihilo
645 981 741 1065 magis
765 981 912 1042 sustineri
937 991 1040 1064 queat,
1064 978 1213 1064 quamdiu
1237 981 1307 1062 ipse
1330 981 1412 1039 inter
1432 977 1567 1061 Argivos
1590 971 1787 1059 pugnaverit,

208 1087 323 1171 procui
352 1087 391 1150 ab
421 1086 501 1150 urbe
530 1085 686 1172 proelium
718 1106 888 1148 conserere
912 1086 1054 1150 notuisse
1082 1085 1136 1163 (ll.
1158 1114 1181 1153 ι.
1204 1109 1233 1149 v.
1255 1087 1475 1162 348-355),
1503 1084 1593 1145 nimis
1618 1078 1727 1164 frigida
1750 1100 1788 1140 ac

207 1193 314 1256 ieiuna
343 1202 462 1270 essent,
494 1195 521 1256 si
544 1203 615 1256 ante
638 1189 717 1254 illud
741 1171 955 1275 tempus'nlio
979 1190 1139 1277 praesidio
1162 1191 1284 1254 firmata
1307 1212 1376 1253 esse
1401 1202 1502 1253 castra
1526 1189 1786 1252 existimarentur.

207 1297 382 1361 Verissime
406 1300 488 1363 enim
512 1298 712 1362 scholiastae:
735 1301 857 1382 μείζων
880 1296 918 1365 δὲ
941 1293 1011 1391 ἄρα
1035 1296 1097 1365 τοῦ
1118 1302 1251 1384 τείχους
1267 1291 1456 1383 Ἀχιλλεύς,
1478 1301 1517 1364 εἴ
1531 1322 1569 1384 χε
1590 1289 1698 1380 τούτῳ
1720 1289 1789 1375 μὲν

207 1403 417 1482 ε’παυλίζεται
433 1401 609 1498 ὁἚκτωρ,
632 1405 763 1472 ἐκεῖνον
779 1402 817 1472 δὲ
831 1407 981 1499 ἔφευγεν.
1018 1405 1076 1466 His
1092 1405 1193 1489 igitur,
1217 1423 1297 1486 quos
1312 1403 1409 1466 modo
1426 1404 1638 1487 congessimus
1655 1397 1789 1461 Homeri

207 1508 307 1587 locos,
332 1515 386 1595 qui
409 1532 479 1573 cum
502 1511 607 1573 multis
632 1509 698 1574 aliis
721 1511 813 1574 facile
836 1514 943 1596 augeri
964 1522 1108 1595 possunt,
1130 1521 1195 1572 tum
1217 1508 1361 1593 inprimis
1378 1519 1550 1573 memoratu
1565 1504 1691 1590 dignum
1707 1501 1788 1567 iliud

208 1615 357 1680 Hectoris
381 1616 416 1680 ll.
433 1642 461 1684 ν.
478 1640 507 1678 v·
526 1622 588 1687 143
604 1639 650 1701 sq.
664 1617 698 1698 ¹),
721 1621 795 1680 satis
816 1615 1063 1681 demonstratum
1082 1627 1236 1701 putamus,
1261 1615 1404 1678 Homero
1426 1617 1487 1697 ipsi
1509 1613 1640 1676 alterum
1662 1614 1789 1674 navium

208 1723 433 1785 munimentum
457 1724 553 1808 plane
576 1725 717 1807 ignotum
740 1725 847 1788 fuisse.
886 1723 974 1787 ldem
999 1744 1075 1786 vero
1100 1720 1297 1786 arcteribus
1320 1742 1458 1806 quoque,
1483 1730 1569 1782 certe
1586 1741 1602 1780 a
1620 1715 1788 1792 Strabone,

208 1826 422 1907 confirmatur,
447 1831 643 1914 quinorum
667 1829 756 1893 llium
782 1852 799 1892 a
822 1840 929 1892 vetere
960 1826 1203 1892 discernendum
1228 1828 1401 1891 ostendens
1429 1827 1508 1888 haec
1532 1823 1654 1886 scribit:
1684 1821 1788 1904 (Xlll,

207 1932 292 2018 536,
314 1957 344 2018 p.
363 1939 427 2004 598
444 1933 492 1997 ed·
511 1933 663 2016 Casoub.)
687 1937 753 2002 καὶ·
765 1930 834 2024 μήν
853 1931 891 2005 τό
915 1961 951 2022 χε
974 1929 1202 2021 ναύσταθμον
1223 1930 1264 2001 τά
1282 1931 1345 2000 νῦν
1365 1935 1415 2000 ἔτι
1437 1926 1624 2018 λεγόμενον
1647 1932 1790 2022 πλησίον

207 2035 314 2116 οὕτως
341 2042 407 2108 ἐστὶ
429 2039 488 2133 τῆς
509 2040 574 2108 νῶν
596 2039 735 2119 πόλεως,
755 2039 843 2118 Ιῶςτε
866 2035 1059 2127 θαυμάζειν
1080 2036 1217 2116 εἰκότως
1239 2033 1284 2107 ἄν
1307 2065 1398 2120 τινα,
1429 2035 1499 2105 τῶν
1520 2036 1587 2122 μὲν
1615 2039 1655 2117 (i.
1672 2058 1698 2100 e.
1721 2033 1790 2104 τῶν

205 2142 395 2240 Ἑλλήνων)
419 2145 475 2240 τῆς
498 2142 672 2226 ἀπονοίας,
694 2146 762 2216 τῶν
784 2146 823 2215 δὲ
846 2152 879 2230 (ἰ.
898 2171 924 2212 e.
947 2147 1017 2215 τῶν
1041 2140 1181 2238 Τρῶων)
1205 2141 1405 2214 τούναντίον
1428 2142 1487 2231 τῆς
1502 2139 1673 2234 άμυχίας·
1698 2138 1790 2210 oino-

209 2254 307 2328 νοίας
328 2251 409 2337 με’ν,
436 2249 472 2321 εἰ
490 2248 548 2328 εἰς
569 2251 770 2321 τοσοῦτον
792 2251 946 2344 χρόνον
974 2248 1212 2340 ἀτείχιστον
1234 2246 1336 2319 αάτό
1358 2248 1494 2338 εἶχον,
1523 2253 1665 2343 πλησίον
1687 2247 1791 2339 οὔσης

207 2356 266 2451 τῆς
289 2355 417 2436 πόλεως
439 2362 498 2427 καὶ
519 2356 678 2428 τοσούτου
690 2355 855 2454 πλήθους,
879 2355 981 2426 τοῦτ’
995 2360 1032 2427 ἐν
1048 2355 1135 2453 αὐτῇ
1149 2360 1207 2425 καλ
1222 2356 1283 2425 τοῦ
1297 2354 1526 2449 ἐπικουρικοῦ·
1549 2355 1691 2424 νεωστὶ
1708 2349 1762 2440 ’χοὶ
1767 2380 1789 2446 ρ

207 2466 430 2551 χεχονίναι
452 2468 547 2559 φησὶ
568 2461 614 2534 τό
637 2474 791 2554 τεῖχος·
821 2463 842 2560 ἢ
866 2461 936 2532 οὐδ’
959 2466 1109 2553 ἐγένετο·
1139 2462 1220 2532 ὁδε1
1242 2459 1370 2540 πλάσας
1391 2459 1528 2556 ποιητής
1549 2458 1721 2556 ἠφάνισεν,
1745 2458 1792 2537 ῶς

207 2565 447 2663 Ἀριστοτέλης
468 2575 589 2665 φησίν·
617 2576 811 2657 (respiciens
835 2572 917 2635 baud
942 2571 1038 2635 dubie
1061 2571 1100 2635 ad
1125 2594 1175 2648 ea,
1204 2593 1286 2654 quae
1308 2568 1348 2632 de
1371 2569 1546 2633 evertendo
1569 2592 1660 2634 muro
1682 2566 1793 2631 iliadis

206 2672 291 2739 libro
306 2677 365 2739 Xll
390 2682 491 2740 statim
508 2679 548 2741 ab
564 2682 655 2743 initio
671 2678 914 2763 praedicuntur)
938 2673 1093 2767 άηυυχίας
1114 2675 1160 2756 δὲ,
1184 2671 1223 2755 εἰ,
1246 2676 1433 2764 γενομένου
1454 2672 1517 2744 τοῦΙ
1540 2678 1681 2763 τείχους,
1703 2673 1794 2740 ἐτει-

206 2775 402 2864 χομάχουν,
430 2781 474 2853 ῶς
495 2777 665 2853 εἰςίπεσον
687 2778 734 2854 εἰς
756 2779 841 2846 αὐτδ
862 2781 903 2846 τό
925 2779 1167 2864 ναύσταθμον,
1189 2785 1248 2847 καὶ
1270 2778 1527 2870 προςεμάχοντο
1550 2789 1626 2856 ταῖς
1648 2783 1794 2847 ναυσίν·

208 2879 446 2970 ἀτείχιστον
469 2881 512 2951 δὲ
533 2887 720 2971 ἔχοντες,
744 2878 807 2950 οὐκ
830 2881 1013 2976 ἐθάρρουν
1034 2883 1227 2976 προςιόντες
1251 2891 1458 2977 πολιορκεῖν,
1481 2882 1609 2978 μικροῦ
1631 2883 1692 2952 τοῦ
1715 2891 1795 2954 δια·

208 2983 375 3084 στήματος
397 2989 506 3066 ὄντος.
544 2991 637 3076 Quae
653 2991 836 3054 Eustathius
852 3013 921 3054 cum
937 2994 1128 3076 excerpserit
1152 2989 1206 3072 (ad
1226 2989 1257 3054 tl.
1273 3017 1299 3057 ε.
1323 3015 1351 3055 v.
1369 2995 1431 3060 791
1456 3014 1487 3075 ρ.
1503 2998 1591 3071 463),
1616 2995 1731 3075 etipse
1755 3015 1794 3056 ea

208 3097 363 3182 probasse
391 3096 476 3160 baud
503 3099 656 3161 immerito
685 3096 839 3162 videatur.
892 3095 1106 3183 Quamobrem
1136 3099 1329 3161 recentiores
1352 3099 1543 3182 interpretes
1571 3121 1588 3160 a
1611 3098 1792 3178 scholiasta,

209 3205 341 3267 istorum
369 3203 529 3266 bominum
558 3225 658 3281 more,
688 3203 774 3266 aliud
801 3207 911 3268 nescio
944 3202 1031 3289 quod
1054 3207 1278 3268 munimentum
1301 3204 1441 3288 fingente
1464 3226 1502 3267 ac
1525 3203 1793 3285 comminiscente,

209 3311 242 3373 in
266 3331 405 3373 errorem
429 3330 499 3372 esse
522 3308 671 3373 inductos
696 3308 891 3373 contendere
914 3331 979 3374 non
1004 3310 1229 3386 dubitaverim,
1261 3313 1446 3394 praesertim
1471 3332 1540 3373 cum
1569 3311 1648 3374 iilud
1678 3315 1792 3404 ε”ρυμα

209 3424 365 3500 tamquam
393 3437 460 3478 rem
489 3418 680 3479 notissimam
709 3418 974 3501 certissimamque
1002 3437 1106 3500 neque
1134 3415 1192 3479 ulii
1215 3413 1405 3480 dubitationi
1428 3416 1596 3480 obnoxiam
1621 3420 1791 3484 historicus

210 3532 320 3586 noster
349 3524 611 3606 argumentationi
640 3525 923 3606 suae-inseruerit.
968 3524 1079 3606 Itaque
1109 3520 1295 3600 videndum,
1325 3545 1365 3586 ne
1394 3524 1508 3615 ἔρυμα
1535 3524 1605 3588 bl.
1635 3548 1702 3590 non
1727 3537 1790 3591 tam

210 3631 436 3691 munimentum
460 3628 735 3714 (Verscbanzung)
761 3652 852 3719 quam
868 3629 1061 3714 praesidium
1085 3629 1318 3710 (Sebutzwebr)
1343 3631 1391 3708 sit,
1415 3633 1494 3693 etin
1510 3635 1690 3712 universum
1706 3631 1791 3698 idem

211 3735 366 3820 significet
390 3733 476 3819 quod
501 3731 699 3802 νεῶλκιον
721 3756 777 3799 seu
800 3746 929 3799 castra
951 3734 1122 3813 navalia,
1145 3757 1227 3820 quae
1251 3745 1356 3799 tamen
1380 3745 1411 3798 et
1433 3726 1503 3820 ipsa
1521 3736 1642 3800 firmata
1660 3748 1690 3801 et
1708 3762 1789 3824 quo-

212 3837 380 3904 dammodo
403 3842 521 3904 munita
544 3841 640 3904 fuisse
664 3842 824 3905 Homerus
848 3844 917 3926 ipse
938 3863 997 3905 nos
1022 3840 1164 3916 docebit;
1190 3840 1270 3905 illud
1294 3851 1395 3904 autem
1417 3841 1464 3929 τῷ
1485 3845 1708 3936 στρατοπέδω
1722 3840 1790 3913 non

211 3945 428 4026 „castris“,
451 3946 508 4010 sed
530 3944 789 4025 „exercitui“
812 3948 1081 4034 interpretandum
1105 3951 1156 4024 sit;
1180 3959 1214 4012 ut
1236 3951 1333 4012 totius
1356 3946 1417 4013 loci
1434 3970 1545 4013 sensus
1560 3953 1603 4014 ita
1618 3952 1790 4038 procedat:

212 4049 318 4133 „Cum
335 4073 407 4118 cero
426 4052 540 4117 classe
557 4049 706 4140 appulsa
717 4053 852 4138 proelio
871 4052 1029 4120 vicissent
1051 4093 1090 4105 -
1115 4052 1153 4118 id
1166 4076 1245 4122 vero
1271 4051 1493 4143 mendesium
1517 4065 1582 4120 est:
1607 4058 1789 4150 alioquin

214 4167 363 4226 castra
387 4157 475 4238 (sice
492 4156 772 4245 praesidium)
801 4160 1018 4227 exercitui
1038 4158 1191 4226 munire
1213 4182 1292 4225 non
1309 4161 1594 4247 potuissent²)
1620 4203 1660 4216 -
1684 4174 1722 4230 at
1745 4189 1789 4231 ne

214 4271 283 4329 tum
310 4262 443 4356 quidem
471 4263 601 4329 cunctis
629 4286 687 4328 eos
719 4263 841 4332 viribus
870 4289 965 4348 usos,
995 4266 1059 4332 scd
1083 4264 1126 4332 ob
1151 4276 1361 4332 commeatus
1383 4265 1534 4355 inopium
1558 4269 1608 4335 ad
1628 4268 1789 4338 colendos

240 4464 265 4531 ¹)
284 4458 320 4519 uic
330 4458 440 4531 Ἕκτωρ
459 4458 519 4514 εἵως
534 4461 586 4530 μὲν
604 4456 716 4528 α’ττείλει,
733 4465 835 4533 μέχρι
852 4459 1026 4529 θαλάσσης
1114 4457 1115 4461 “

285 4554 341 4624 ῥέα
360 4549 602 4606 διελεύσεσθαι
621 4549 753 4606 κλισίας
773 4560 827 4607 καλ
845 4557 922 4608 νίας
939 4548 1087 4620 Ἀχαιῶν

283 4644 399 4696 κτείνων.

233 4731 266 4798 '²)
285 4725 382 4783 Contra
402 4726 448 4780 Ac.
466 4725 611 4782 Enenckel:
632 4730 737 4792 „alias
755 4732 808 4797 qui
826 4733 939 4786 vallum
957 4735 1073 4788 castris
1092 4731 1410 4788 circumdedissent?“
1437 4739 1464 4786 et
1482 4727 1556 4805 Aem.
1576 4726 1685 4787 Portus:
1708 4754 1791 4798 „saec

285 4819 365 4872 enim
383 4817 461 4870 υσλλο
479 4821 625 4891 fossaque
643 4829 750 4872 castra
770 4822 1006 4876 suentensem
1253 4833 1255 4836 ⁴
