3952 5648
913 226 1070 360 E
1160 274 1163 292 τ

196 460 374 539 οἴονται,
406 461 444 535 (i.
468 480 493 521 e.
523 458 617 519 sicuti
646 453 758 538 vulgus
787 451 979 536 arbitratur)
1007 448 1099 522 οἷλλοῖ
1119 450 1250 528 Ἰταιίας
1272 449 1501 545 πρεσβύτατος
1522 451 1585 538 σόν,
1615 459 1695 544 ε”οχε
1717 453 1780 545 τήν
1811 507 1813 511 ψ

196 558 318 654 ἀρχήν.
365 564 472 648 Atque
494 561 574 626 illud
598 581 740 646 quoquc,
768 559 931 645 quomodo
955 579 1036 623 vana
1058 561 1117 623 ista
1141 561 1252 644 opinio
1275 561 1308 623 in
1330 570 1449 624 mentes
1473 561 1632 626 hominum
1655 565 1779 647 imperi-

196 679 300 732 torum
323 671 493 754 irrepserit,
516 667 677 753 explicatu
698 687 765 730 non
790 675 838 730 est
860 664 999 729 dilticile.
1046 663 1129 730 Cum
1153 668 1234 730 enim
1249 665 1443 731 Harmodius
1467 677 1499 730 et
1514 668 1712 752 Aristogiton
1735 666 1779 732 oh

195 773 393 839 interfectum
418 774 636 860 Hipparchum
658 769 991 856 tamquam-libertatis
1014 769 1155 837 vindices
1179 782 1275 857 atque
1298 782 1446 836 auctores
1469 774 1595 837 summis
1619 771 1658 835 ab
1681 773 1779 837 Atha·

194 879 359 943 niensibus
387 880 544 945 laudibus
561 880 752 945 efferrentur
775 886 805 941 et
828 874 1079 953 celebrarentur,
1110 876 1182 940 fieri
1203 899 1279 942 sane
1302 900 1369 943 non
1391 880 1512 963 potuit,
1542 881 1631 963 quin,
1661 879 1780 964 Hippia

193 985 355 1070 paullatim
375 986 547 1052 ⁴oblivioni
580 984 711 1061 tradito,
747 985 847 1068 ipsius
875 985 1005 1066 tyranni
1033 982 1253 1047 interfectores
1282 982 1322 1046 ab
1351 984 1589 1065 Atheniensium
1617 983 1779 1070 plerisque

194 1093 454 1167 existimarentur;
483 1092 579 1182 idque
602 1094 677 1155 satis
702 1090 937 1154 demonstratur
959 1088 1066 1152 scoliis
1088 1088 1151 1151 illis
1172 1088 1258 1173 apud
1281 1089 1479 1154 Athenaeum
1502 1088 1556 1154 lih.
1578 1093 1655 1170 XV,
1679 1113 1704 1155 o
1729 1096 1779 1171 15,

194 1208 242 1261 ut:
265 1197 303 1265 ἐν
316 1195 449 1290 μύρτου
468 1198 567 1267 κλαδὶ
581 1191 622 1265 τό
637 1199 732 1290 ξίφος
747 1190 894 1290 φορήσω,
918 1191 1027 1287 ὥςπερ
1040 1191 1226 1287 Ἁρμόδιος
1239 1196 1297 1262 καί
1310 1191 1577 1286 Ἀριστογείτων,
1601 1194 1650 1265 ὅτ’
1665 1193 1780 1290 Ἀθη-

194 1306 293 1394 ναίης
315 1305 352 1372 ἐν
375 1309 511 1380 θυσίαις
532 1300 644 1395 ἄνδρα
665 1299 1043 1395 τόραννονἽττιιαρχον
1065 1301 1254 1392 ἐκαινέτην.
1279 1336 1318 1349 -
1344 1289 1420 1364 Sed
1434 1323 1515 1385 quae
1537 1301 1583 1366 ihi
1603 1313 1780 1369 ceterorum

194 1430 327 1493 quoque
347 1409 543 1474 Graecorum
554 1410 577 1489 ι)
601 1410 710 1493 paucis
732 1410 905 1474 interiectis
928 1407 1142 1494 adiunguntur
1166 1427 1308 1470 errorum
1332 1406 1474 1491 exempla
1498 1406 1573 1485 duo,
1597 1429 1706 1472 eorum
1728 1409 1781 1474 vel

192 1517 320 1599 utrique
335 1516 384 1581 vel
400 1526 487 1581 certe
503 1515 593 1579 alteri
607 1513 809 1579 Herodotum
824 1536 892 1579 non
907 1517 1009 1578 minus
1025 1511 1200 1577 obnoxium
1216 1512 1286 1576 esse
1301 1514 1409 1598 negari
1424 1534 1491 1578 non
1506 1522 1623 1598 potest.
1655 1514 1780 1579 Horum

194 1630 361 1705 utrumque
386 1622 649 1707 aSpartanorum
672 1623 821 1684 institutis
844 1620 1007 1704 repetitur,
1031 1640 1069 1681 ac
1090 1620 1198 1703 priore
1219 1615 1347 1703 quidem
1363 1617 1437 1682 loco
1454 1605 1655 1684 Graecorum
1669 1620 1780 1685 levitas

195 1749 235 1794 eo
251 1731 379 1793 nomine
395 1730 626 1813 perstringitur,
651 1727 739 1818 quod
755 1748 845 1812 reges
860 1723 1197 1800 Lacedaemoniorum,
1214 1722 1330 1808 quibus
1348 1722 1584 1810 duodetriginta
1599 1728 1791 1791 senatorum

194 1832 336 1897 consiliis
366 1837 519 1899 interesse
541 1831 671 1911 licebat,
699 1853 766 1897 non
789 1832 929 1917 singulos
953 1830 1098 1915 singulis,
1126 1828 1182 1892 sed
1207 1829 1290 1894 binis
1315 1829 1443 1894 calculis
1467 1831 1647 1915 suffragium
1671 1831 1781 1896 tulisse

194 1938 388 2008 arbitrentur
416 1936 542 2031 (ὥςπερ
570 1936 650 2016 τούς
677 1966 713 2007 τε
734 1933 1020 2023 Λακεδαιμονίων
1049 1936 1214 2023 βασιλέας
1240 1928 1291 2024 μή
1317 1934 1382 2024 μιᾷ
1401 1931 1509 2029 ψήφῳ
1531 1939 1781 2030 τιροςτίθεοιλαι

192 2040 371 2138 ἑκάτερον,
398 2040 491 2114 οἷλλοῖ
513 2051 640 2128 δυεῖν).
688 2046 758 2107 Hac
780 2053 883 2108 autem
907 2042 1010 2127 culpa,
1032 2041 1262 2126 qualiscunque
1287 2053 1347 2120 est,
1376 2064 1417 2107 ne
1440 2043 1630 2109 Herodotus
1653 2041 1781 2127 quidem

194 2148 330 2229 videtur,
354 2157 496 2243 quamvis
520 2151 664 2236 ambigna
687 2154 750 2215 sint
774 2152 841 2214 eius
863 2147 970 2224 verba,
993 2147 1122 2210 liberari
1145 2167 1251 2230 posse.
1288 2146 1318 2210 ls
1335 2151 1426 2227 enim,
1451 2148 1525 2214 dum
1539 2171 1671 2214 munera
1686 2159 1780 2239 atque

194 2259 333 2348 honores
362 2280 469 2343 regum
492 2257 818 2321 Lacedaemoniorum
848 2255 903 2319 lib.
928 2255 977 2318 Vl
1002 2253 1077 2317 inde
1101 2275 1119 2316 a
1143 2275 1212 2337 cap.
1228 2257 1272 2322 56
1293 2266 1513 2333 recensentur,
1542 2257 1781 2341 huncquoque

195 2375 418 2429 commemorat
441 2387 510 2450 cap.
527 2369 569 2433 57
594 2373 684 2428 extu:
707 2363 764 2429 noel
786 2365 939 2453 παρίζειν
960 2358 1165 2448 βουλεύουσι
1184 2365 1270 2427 τοῖσι
1289 2361 1433 2454 γέρουσι,
1456 2362 1548 2430 ἐοῦσι
1564 2363 1654 2430 δυοῖν
1670 2361 1781 2429 δέουσι

193 2470 393 2564 τριήκοντα·
418 2470 461 2565 ἢν
478 2468 516 2538 δέ
530 2466 581 2565 μή
592 2474 727 2545 ἔλθωσι,
750 2465 826 2543 τούς
848 2460 995 2551 μάλιστά
1017 2493 1075 2558 σφι
1096 2462 1165 2532 τῶν
1187 2463 1357 2560 γερόντιον
1380 2469 1610 2561 αρσςήκοντας
1631 2469 1723 2557 ἔχειν
1738 2463 1782 2536 τοὶ

193 2572 262 2640 τῶν
277 2573 453 2668 βασιλήων
467 2576 579 2670 γέρεα,
597 2573 665 2645 δύο
680 2572 845 2667 ιγήφους
860 2571 1125 2658 τιθεμένους,
1141 2575 1284 2664 τρίτην
1298 2577 1357 2652 de',
1379 2569 1453 2669 τήν
1468 2573 1638 2643 ἑωυτῶν.
1675 2572 1782 2657 Quem

196 2678 306 2746 locum
327 2700 514 2764 quamquam
535 2686 587 2742 vix
609 2684 784 2766 quisquam,
808 2682 862 2762 qui
886 2678 963 2742 uihil
986 2678 1113 2741 aliunde
1137 2677 1177 2739 de
1199 2681 1258 2740 hac
1281 2701 1316 2740 re
1340 2680 1503 2755 audiverit,
1526 2681 1615 2741 aliter
1638 2681 1781 2762 accipiet,

198 2804 292 2867 qnam
315 2783 409 2847 binos
434 2807 449 2845 a
473 2783 601 2868 singulis
626 2782 754 2866 regibus
777 2782 901 2864 positos
924 2800 993 2842 esse
1017 2779 1166 2857 calculos,
1189 2778 1394 2843 nihilominus
1418 2791 1522 2844 tamen
1537 2781 1620 2843 idem
1635 2781 1781 2878 fortasse,

196 2908 293 2970 quum
308 2887 507 2972 Thucydidis
532 2909 614 2973 quae
637 2886 734 2951 modo
759 2885 851 2950 allata
867 2895 941 2949 sunt
955 2883 1055 2949 verba
1070 2884 1191 2970 legerit,
1214 2883 1362 2948 dubitare
1376 2887 1514 2970 incipiet,
1536 2907 1576 2949 an
1592 2887 1781 2955 Herodotus

196 2995 289 3056 etiam
313 2992 455 3058 eiusdem
479 3003 575 3078 atque
590 2991 797 3078 Thucydides
820 2991 915 3055 luerit
930 2993 1106 3055 sententiae
1121 3013 1227 3076 neque
1244 2993 1372 3055 omnino
1389 2989 1475 3055 ahud
1492 2993 1658 3077 quicquam
1674 2992 1781 3060 dicere

195 3097 347 3174 voluerit;
377 3120 478 3183 eaque
501 3120 593 3176 sanc,
622 3108 658 3162 ut
679 3099 873 3160 recentiores
896 3099 1086 3174 omittamus,
1115 3099 1175 3161 iam
1199 3097 1409 3182 Wesselingii
1430 3097 1490 3161 luit
1513 3101 1637 3183 opinio,
1660 3098 1780 3186 ubique

197 3203 334 3270 duorum
357 3204 581 3269 historicorum
605 3202 822 3267 dissensiones
845 3224 1037 3289 quacunque
1053 3205 1177 3280 ratione
1192 3224 1357 3268 removere
1374 3207 1527 3269 conantis.
1562 3203 1780 3291 Quamobrem

196 3311 306 3395 paullo
333 3310 512 3394 diligentins
541 3313 575 3375 in
603 3308 763 3375 Herodoti
794 3309 899 3373 locum
927 3311 1121 3394 inquiramus
1151 3330 1283 3374 necesse
1312 3319 1368 3373 est.
1415 3311 1449 3374 si
1478 3309 1518 3374 de
1545 3308 1780 3398 duodetriginta

197 3425 382 3480 senatorum
409 3438 542 3482 numero
572 3438 654 3481 unus
682 3414 903 3481 tantummodo
932 3436 1003 3480 curn
1032 3415 1160 3500 regibus
1185 3416 1371 3500 cognatione
1394 3419 1567 3480 arctissime
1590 3420 1780 3484 coniunctus

196 3520 324 3585 illorum
338 3523 408 3585 vice
423 3523 605 3610 suffragium
620 3523 727 3599 ferret,
749 3521 838 3586 nulla
860 3521 1007 3608 profecto
1032 3520 1202 3586 difficultas
1226 3531 1414 3605 superesset.
1458 3522 1518 3586 llle
1543 3525 1626 3587 enirn
1648 3527 1781 3607 propin-

197 3650 288 3712 quus,
312 3626 441 3696 duobus
465 3628 592 3693 calculis
615 3650 723 3714 regum
745 3627 820 3692 loeo
843 3629 964 3716 positis,
987 3629 1112 3691 tertium
1135 3626 1287 3691 adiiceret
1310 3647 1401 3690 snum
1424 3625 1500 3712 (δύο
1524 3625 1661 3722 ηυήφους
1683 3629 1780 3697 τιθέ-

197 3760 316 3820 μενον,
338 3738 456 3828 τρίτην
480 3735 527 3818 δέ,
551 3729 613 3828 τήν
634 3732 791 3815 ἑωυτοῦ).
832 3733 899 3798 Sed
922 3742 957 3798 ut
971 3754 1058 3798 nunc
1072 3734 1235 3816 scriptoris
1250 3731 1349 3797 verba
1362 3732 1518 3819 leguntur,
1542 3733 1622 3798 duae
1637 3736 1780 3820 inprimis

200 3841 330 3906 obstant
350 3863 489 3920 caussae,
513 3845 680 3926 quominus
704 3845 737 3906 in
759 3841 840 3905 hanc
862 3841 1049 3904 sententiam
1071 3841 1275 3924 accipiantur.
1321 3839 1402 3917 Una,
1425 3839 1515 3924 quod
1536 3862 1685 3905 numerus
1707 3842 1781 3928 plu-

197 3947 282 4025 ralis,
306 3969 370 4032 quo
388 3951 639 4037 constantissime
655 3946 843 4013 Herodotus
859 3968 936 4011 usus
953 3955 1001 4010 est
1025 3939 1132 4027 (τούς
1144 3939 1294 4031 μα’λιστσί
1308 3972 1367 4037 οφι
1381 3943 1449 4013 τῶν
1468 3942 1640 4039 γερόντων
1662 3975 1779 4042 τιρσς-

198 4052 377 4147 ήκοντας
400 4093 452 4139 -,
477 4049 538 4123 dzlo
560 4048 698 4147 φήφους
720 4053 972 4138 τιθεμένους
994 4090 1046 4130 -,
1068 4052 1185 4144 τρίτην
1208 4051 1256 4127 δέ,
1279 4046 1341 4140 τήν
1363 4049 1563 4135 ἑωυτῶν),
1587 4050 1628 4116 de
1652 4051 1778 4118 duobus

200 4162 317 4249 diserte
340 4162 469 4245 cogitari
491 4158 692 4224 senatoribus
716 4159 799 4224 clare
824 4171 919 4246 atque
942 4146 1105 4223 evidenter
1122 4155 1270 4220 ostendit.
1304 4157 1413 4221 Altera
1430 4180 1530 4243 eaque
1545 4161 1670 4224 maioris
1686 4162 1777 4223 etiam

201 4269 365 4344 momenti,
389 4265 476 4350 quod
498 4264 822 4331 Lacedaemoniorum
844 4287 947 4352 reges,
971 4266 1092 4329 etiamsi
1114 4285 1132 4327 a
1155 4265 1285 4349 geminis
1308 4262 1466 4341 iratribus,
1490 4264 1605 4331 Procle
1628 4275 1660 4328 et
1675 4265 1778 4354 Eury-

202 4373 319 4450 sthene,
343 4371 536 4437 Aristodemi
551 4372 634 4450 filiis,
658 4375 757 4458 gentis
773 4393 848 4436 suae
872 4373 1025 4457 originem
1048 4367 1211 4448 ducerent,
1234 4368 1319 4434 haud
1343 4379 1446 4435 tamen
1469 4371 1568 4449 facile,
1591 4391 1673 4454 quae
1694 4373 1778 4437 inter

203 4478 275 4542 illos
301 4478 377 4544 inde
407 4477 447 4543 ab
472 4480 685 4563 antiquissima
707 4500 811 4543 rerum
833 4479 983 4543 memoria
1007 4486 1127 4541 tantum
1148 4497 1215 4541 non
1238 4497 1361 4562 semper
1383 4478 1627 4546 intercesserant
1648 4478 1778 4543 inimici·

203 4645 410 4655 .-—-...

230 4729 255 4794 ¹)
275 4725 360 4781 πολλοί
380 4726 406 4781 δὲ
425 4736 471 4781 καὶ
489 4723 568 4800 itta,
587 4726 629 4780 ἔτι
646 4735 692 4780 καὶ
712 4727 760 4782 νῦν
779 4723 853 4792 ὄντα,
871 4733 915 4780 καὶ
934 4722 964 4780 ov'
980 4722 1065 4796 χρόνῳ
1083 4720 1295 4795 ἄμνηστοόμενα,
1313 4731 1358 4779 καὶ
1376 4721 1409 4776 οἱ
1424 4719 1521 4776 ἄλλοι
1535 4715 1698 4794 Ἕλληνες
1717 4727 1779 4800 <he

276 4814 354 4870 etiam
372 4831 424 4868 non
442 4813 475 4868 de
492 4813 571 4891 plebe
589 4811 721 4881 homines)
740 4811 785 4870 συίι
805 4810 896 4886 ὀρθῶς
915 4816 1027 4870 οἴονται.
1107 4802 1110 4812 Χ

1538 4919 1573 4970 4·
