3952 5648
903 187 1055 318 E.

191 427 308 494 rentur,
332 437 450 479 summa
474 435 543 476 cum
567 409 662 476 laude
685 412 831 474 historias
855 431 927 473 suas
951 413 1101 473 recitasse
1122 407 1218 472 relert
1231 411 1265 492 ¹).
1311 409 1374 475 Cui
1398 432 1468 473 cum
1490 410 1668 473 recitationi
1683 409 1779 472 Thu·

191 520 333 607 cydides,
358 521 456 584 Suida
473 521 595 601 teste²)‚
620 517 721 581 adhuc
737 539 818 601 puer
834 515 967 591 adesset,
991 515 1197 596 Larcherus³)
1219 537 1285 579 eam
1302 516 1433 601 Olymp.
1450 522 1491 587 81
1507 542 1552 576 =
1567 521 1634 584 456
1650 538 1677 578 a.
1695 514 1780 579 Chr.

190 626 327 691 habitam
353 648 423 691 esse
448 635 547 710 putat.
587 624 789 710 Quaeunque
815 625 896 684 euim
920 625 1043 685 ratione
1060 623 1218 684 Lucienus
1244 643 1310 683 eam
1327 643 1385 685 suo
1402 645 1490 687 more
1507 643 1683 698 exornasse,
1709 641 1780 704 quo

191 737 286 818 magis
311 731 449 807 adrem,
475 754 566 816 quam
591 729 753 806 tractabat,
776 728 1037 802 accommodaret,
1060 737 1090 790 et
1114 739 1255 812 tempora
1280 740 1486 792 commutasse
1509 751 1546 791 ac
1569 727 1781 813 perturbasse

193 842 393 914 existimatur,
416 835 496 901 nihil
520 847 621 899 tamen
647 846 702 913 est,
726 856 782 897 cor
804 838 873 919 ipsa
898 833 1032 897 duorum
1057 835 1247 918 scriptorum
1271 839 1409 898 narratio
1433 838 1465 898 in
1487 833 1616 897 dubium
1633 842 1778 897 vocetur.

191 945 290 1009 lmmo
319 965 360 1007 ne
389 942 510 1027 fingere
540 942 664 1027 quidem
690 939 845 1004 eiusmodi
870 944 1037 1024 quiequam
1061 960 1157 1001 ausus
1181 951 1265 1002 esset
1290 942 1461 1018 Lucienus,
1489 944 1549 1004 nisi
1575 937 1779 1002 Herodotum

193 1047 364 1134 aliquando
390 1047 561 1132 Olympiae
585 1048 775 1133 praelegisse
798 1058 866 1110 tota
891 1044 1028 1109 Graecia
1052 1043 1270 1128 pervulgatum
1294 1057 1385 1110 esset.
1433 1046 1531 1132 Quod
1556 1057 1657 1108 autem
1674 1043 1779 1108 Dabl-

193 1175 336 1230 mannus,
360 1175 477 1216 summa
502 1175 565 1239 ope
584 1158 701 1232 enisus,
725 1164 759 1216 ut
775 1152 856 1215 illam
875 1161 1086 1214 summoveret
1102 1152 1329 1229 recitationem,
1354 1155 1405 1228 ait,
1428 1152 1597 1215 verisimile
1614 1173 1680 1215 non
1697 1172 1779 1228 esse,

195 1281 381 1346 quemquam
406 1269 466 1321 tam
491 1260 596 1323 humili
621 1257 782 1324 scribendi
805 1280 922 1342 genere
947 1279 1046 1334 usum,
1070 1267 1187 1319 tantam
1211 1278 1227 1317 a
1253 1256 1384 1321 Graecis
1401 1258 1524 1322 landem
1542 1266 1782 1343 reportaturum

192 1366 305 1442 luisse,
336 1387 404 1427 cum
429 1377 539 1429 eontra
563 1389 603 1430 ne
627 1366 777 1430 ferendus
802 1362 928 1448 quidem
952 1367 988 1426 iis
1018 1361 1198 1427 hominibus
1221 1363 1345 1438 luisset,
1378 1367 1431 1448 qui
1461 1386 1688 1448 nonnunquam
1711 1363 1784 1426 De·

194 1472 392 1535 mosthenem
415 1475 517 1555 ipsum
543 1471 698 1536 dicentem
724 1470 936 1535 deseruissent
967 1469 1001 1551 (l.
1018 1491 1044 1533 c.
1069 1492 1100 1554 p.
1117 1475 1157 1536 21
1176 1474 1255 1553 sq),
1289 1472 1363 1532 satis
1387 1471 1492 1532 mirari
1516 1492 1652 1554 nequeo.
1695 1469 1783 1533 Nam

196 1588 227 1641 et
242 1588 393 1660 tempora,
418 1577 533 1662 quibus
556 1577 715 1655 virebant,
739 1587 836 1640 atres
855 1575 949 1661 ipsae,
975 1598 1056 1660 quae
1073 1574 1112 1639 ab
1129 1578 1167 1638 iis
1185 1585 1367 1651 tractantur,
1391 1580 1520 1639 maxime
1537 1587 1610 1639 sunt
1626 1574 1782 1639 diversae.

195 1682 357 1748 Herodoti
381 1696 481 1747 aetate
505 1707 601 1769 prosa
626 1687 728 1749 oratio
752 1683 837 1770 apud
856 1683 998 1747 Graecos
1020 1704 1104 1746 nova
1125 1703 1163 1744 ac
1177 1703 1279 1767 paene
1295 1680 1436 1745 inaudita
1453 1682 1524 1755 luit;
1549 1703 1659 1745 omnes
1676 1690 1781 1744 autem

195 1793 410 1854 recentissima
435 1812 561 1879 quaque
585 1812 619 1853 re
641 1793 770 1853 maxime
794 1788 994 1864 delectamur,
1017 1783 1079 1881 τήν
1092 1785 1159 1880 γᾶρ
1176 1784 1301 1878 ἀοιδήν
1325 1791 1441 1872 (inquit
1456 1810 1559 1850 rerum
1578 1789 1784 1850 humanarum

195 1900 402 1982 peritissimus
427 1897 601 1976 Homerus)
624 1895 761 1983 μᾶλλον
784 1888 977 1962 τὐικλείουσ’
1000 1889 1191 1984 ἅνθρωποι,
1214 1895 1287 1990 ἥτις
1309 1890 1533 1962 ἀκουόντεσσι
1549 1889 1695 1986 νεωτάτη
1714 1888 1801 1979 ᾰμ-,

195 2004 387 2096 φιττέληται.
434 2001 564 2066 Deinde
588 2005 623 2081 si,
648 2001 736 2092 quod
759 2002 834 2064 mihi
858 2001 986 2091 quidem
1009 2004 1138 2062 maxime
1161 2000 1331 2084 probabile
1355 2000 1489 2078 videtur,
1514 1999 1663 2064 debello
1687 2022 1785 2085 supe-

195 2111 281 2172 riore
299 2131 367 2170 oum
388 2110 491 2171 Persis
507 2109 616 2192 paullo
633 2119 705 2172 ante
721 2118 810 2170 tanto
829 2110 967 2171 omnium
992 2103 1106 2169 ardore
1129 2127 1166 2168 ao
1189 2105 1315 2169 fortuna
1339 2118 1427 2191 gesto
1452 2104 1607 2189 quaedam
1632 2108 1785 2184 recitavit,

196 2213 274 2279 nihil
297 2214 443 2299 prolecto
465 2218 597 2303 reperiri
621 2216 735 2301 potuit,
760 2211 848 2296 quod
866 2223 928 2277 tum
945 2214 1065 2275 maiore
1082 2234 1151 2274 cum
1169 2212 1334 2299 voluptate
1351 2212 1524 2275 audivisset
1542 2213 1665 2275 Graeca
1681 2210 1786 2276 laudis

196 2331 348 2406 paternae
380 2319 502 2382 aemula
530 2324 687 2384 iuventus.
732 2320 938 2383 Documento
967 2321 1029 2382 sint
1057 2330 1185 2382 nostrae
1209 2321 1319 2382 aetatis
1342 2317 1589 2396 adolescentuli,
1620 2321 1673 2402 qui
1696 2316 1788 2382 nulla

197 2447 234 2490 ex
257 2448 292 2488 re
316 2427 464 2488 maiorem
487 2431 668 2512 percipiunt
692 2425 859 2502 laetitiam,
890 2447 981 2509 quam
1007 2427 1034 2487 si
1062 2427 1226 2509 magistros
1250 2446 1301 2487 res
1325 2424 1487 2509 praeclare
1512 2446 1529 2486 a
1553 2423 1694 2509 patribus
1718 2427 1788 2488 suis

195 2553 256 2616 pro
281 2529 445 2595 liberanda
469 2531 638 2595 Germania
661 2534 763 2618 patria
786 2541 888 2616 gestas
911 2540 1095 2594 enarrantes
1125 2527 1269 2592 audiunt.
1316 2530 1445 2613 Quanta
1468 2540 1572 2593 autem
1597 2529 1725 2594 omnino
1752 2532 1789 2594 in

195 2637 357 2702 Herodoti
379 2639 615 2702 narrationibus
639 2640 713 2701 insit
736 2640 873 2699 suavitas
897 2658 934 2699 ac
956 2645 1123 2711 venustas,
1154 2644 1270 2719 quanta
1296 2638 1341 2699 vis
1364 2634 1403 2697 ad
1429 2634 1615 2700 alliciendos
1638 2657 1675 2698 ac
1701 2634 1789 2700 dele-

198 2741 332 2805 ctandos
356 2736 536 2801 auditorum
560 2746 689 2815 animos,
713 2751 745 2802 et
768 2744 871 2822 quivis
896 2737 1045 2802 cordatus
1066 2741 1134 2820 ipse
1150 2738 1253 2815 sentit,
1278 2750 1309 2802 et
1324 2740 1466 2822 plurimis
1482 2751 1625 2805 veterum
1645 2744 1789 2806 testimo-

197 2849 267 2923 niis,
292 2864 374 2933 quae
390 2841 469 2904 inira
487 2843 700 2926 proferentur,
725 2843 939 2907 confirmatur.
973 2842 1045 2905 Nec
1060 2843 1210 2904 tamenin
1228 2845 1409 2905 contionem
1426 2846 1566 2906 omnium
1584 2867 1622 2907 ex
1638 2845 1788 2911 omnibus

198 2953 354 3018 Graeciae
384 2947 529 3032 partibus
552 2947 780 3012 confluentium
803 2949 964 3012 hominum
994 2969 1063 3011 eum
1092 2950 1287 3032 processisse
1315 2947 1424 3032 ibique
1447 2947 1480 3012 in
1504 2962 1653 3034 suggestu
1677 2952 1788 3045 aliquo

197 3064 357 3123 exstructo
388 3057 539 3118 recitasse
569 3052 763 3118 credendum
793 3065 853 3133 est,
884 3057 935 3118 cui
964 3076 1040 3118 sane
1062 3058 1120 3133 rei,
1151 3054 1240 3140 quod
1263 3065 1351 3119 recte
1374 3058 1495 3119 monuit
1519 3057 1738 3123 Dahlmannus
1751 3060 1788 3143 ⁴),

198 3164 352 3226 humanae
380 3162 462 3224 vires
492 3159 654 3243 lateraque
685 3161 735 3222 vix
757 3160 974 3236 sufficiebant3
1007 3159 1064 3224 sed
1089 3161 1204 3246 procul
1227 3160 1327 3225 dubio
1350 3159 1458 3224 locum
1482 3162 1639 3252 quendam
1662 3185 1789 3230 sacrum

198 3280 253 3333 aut
275 3265 383 3351 templi
407 3275 528 3351 partem
553 3264 686 3350 aliquam
711 3264 771 3328 sibi
795 3265 896 3349 elegit,
920 3266 952 3330 id
978 3266 1065 3352 quod
1082 3268 1241 3331 Lucienus
1257 3270 1326 3351 ipse
1341 3265 1469 3328 videtur
1485 3267 1626 3332 indicare
1642 3269 1790 3336 voluisse

200 3374 235 3454 (l.
252 3379 293 3454 c.)
309 3374 356 3434 his
373 3370 494 3435 verbis:
518 3372 686 3439 ἐνίσταται
702 3363 764 3437 οὖν
780 3366 948 3455 Ὀλύμπια
964 3368 1008 3441 τοὶ
1022 3367 1167 3458 μεγάλα,
1191 3371 1250 3438 καὶ
1265 3371 1285 3437 ό
1298 3366 1488 3462 Ἡρόδοτος
1505 3413 1545 3425 -
1563 3373 1789 3466 παρελθόν

199 3480 239 3557 ἐς
260 3473 306 3547 τό
314 3503 333 3544 ν
357 3471 699 3565 ὀπισθόδομονῦ),
724 3473 766 3545 ου’
789 3475 934 3567 θεατήν,
958 3474 1032 3545 ἀλλ’
1048 3472 1240 3571 ἀγωνιστήν
1255 3472 1453 3563 Ὀλυμπίων
1468 3486 1631 3574 παρεῖχεν
1646 3479 1787 3570 ἑαυτόν,

199 3585 291 3676 ᾅδων
312 3577 372 3658 τός
394 3586 543 3676 ἱστορίας
565 3584 623 3651 καὶ
646 3581 761 3673 κηλῶν
784 3577 864 3659 τους
887 3580 1075 3674 παρόντας.
1124 3582 1191 3648 Sed
1214 3594 1249 3648 ut
1265 3586 1424 3649 Lucianea
1440 3589 1604 3666 mittamus,
1628 3587 1662 3650 id
1680 3600 1788 3654 tamen

199 3695 304 3778 negari
321 3699 406 3754 certe
424 3710 489 3752 non
505 3699 620 3773 potest,
644 3687 847 3755 Herodotum
864 3689 971 3775 aliquo
987 3693 1020 3754 in
1034 3689 1109 3755 loeo
1127 3713 1145 3753 a
1161 3688 1353 3775 Thucydide
1369 3690 1510 3755 auditum
1532 3715 1609 3771 esse,
1634 3697 1786 3778 quoniam

201 3870 406 3883 ....-.--——-

228 3975 251 4036 ¹)
269 3964 334 4024 Lae.
352 3965 450 4026 llerod.
468 3970 525 4024 sive
542 3967 648 4036 Aetion,
667 3966 700 4028 Τ.
717 3966 764 4025 lV.
781 3989 808 4047 p.
826 3971 878 4026 116
896 3988 937 4045 sq.
956 3970 998 4026 ed.
1016 3968 1124 4047 Bipont.

225 4064 252 4131 ²)
271 4077 293 4113 s.
311 4077 335 4113 v.
355 4057 528 4127 Θουκυδίδην
553 4053 630 4113 οὗτος
650 4055 761 4127 ἤκουσεν
780 4063 830 4115 ἔτι
847 4065 930 4116 παῖς
947 4059 1124 4134 τυγχάνων
1140 4058 1292 4134 Ἡροδότου
1309 4063 1355 4118 ἐπὶ
1373 4057 1419 4131 τῆς
1435 4059 1583 4134 Ὀλυμπίας
1599 4063 1646 4120 σός
1665 4063 1788 4137 ἱστορίας

271 4140 351 4202 αὐτοῦ
370 4144 547 4218 διερχόμενος,
569 4141 601 4202 o‘ls
619 4146 816 4220 συνεγράψατο.

224 4242 249 4305 ⁸)
268 4231 301 4290 Τ.
319 4231 339 4287 l.
358 4233 401 4286 vie
419 4231 577 4290 d'Herodote
597 4254 622 4309 p.
635 4238 677 4292 79.
1408 4287 1412 4298 .

225 4329 252 4396 ⁴)
270 4323 289 4380 l.
308 4343 329 4379 c.
349 4341 375 4399 p.
394 4323 441 4374 22:
469 4319 560 4387 „Kein
579 4321 666 4398 Organ
685 4321 768 4378 reieht
785 4323 844 4389 bin,
868 4343 914 4380 um
932 4325 975 4379 ein
993 4323 1079 4380 Werlr
1097 4325 1145 4382 der
1164 4324 1314 4401 Vorlesung
1332 4327 1418 4385 vielen
1437 4326 1593 4386 Tausenden
1614 4327 1728 4385 belrannt
1752 4351 1785 4388 zu

269 4410 391 4477 machen;
411 4406 464 4463 und
483 4410 525 4463 ein
543 4410 628 4466 Werlr
647 4410 694 4466 der
713 4409 885 4478 Geschichte,
905 4431 981 4486 sogor
1000 4411 1048 4468 der
1065 4409 1156 4469 Laod·
1176 4413 1229 4471 und
1247 4412 1502 4492 Orthesehreibung,
1521 4423 1558 4475 im
1575 4416 1714 4492 gallenden
1732 4417 1785 4475 He-

271 4499 416 4564 roldstone,
436 4495 501 4552 oder
519 4498 582 4554 auch
600 4520 650 4556 nur
667 4503 703 4555 im
722 4497 972 4572 Rednerschwunge
990 4511 1170 4577 vorgetragen,
1189 4502 1291 4559 welche
1310 4502 1536 4581 Taetlosiglreitl“

228 4594 254 4658 ⁶)
272 4586 345 4644 Hanc
368 4591 437 4644 enim
460 4606 552 4644 vocem
577 4586 609 4642 de
633 4590 733 4664 postica
757 4588 793 4645 ibi
817 4589 887 4646 lovis
910 4587 1003 4665 templi
1025 4601 1100 4671 parte
1122 4592 1298 4667 accipiendam
1318 4614 1390 4663 esse,
1413 4595 1556 4650 docuerunt
1573 4597 1731 4672 interpretes
1750 4599 1786 4655 ad

272 4674 416 4732 burianum
434 4673 466 4732 Τ.
480 4675 550 4732 Vlll.
568 4696 595 4753 p.
612 4679 664 4731 571
684 4696 725 4753 sq.
745 4687 772 4732 et
790 4681 842 4734 588
861 4678 904 4743 ed,
921 4677 1029 4754 Ripont.
1064 4678 1107 4734 De
1130 4680 1309 4754 ὀπισθοδόμῳ
1332 4683 1404 4740 aedis
1422 4681 1552 4738 lllinervae
1575 4687 1602 4739 in
1620 4683 1784 4743 Athenarum

271 4784 331 4822 arce
350 4763 474 4822 disseruit
491 4765 641 4822 Boeclhius
660 4763 692 4822 V.
711 4762 755 4823 Cb
773 4766 842 4834 „Die
861 4766 1121 4843 Staatshaushaltuog
1139 4767 1188 4827 der
1208 4770 1343 4829 Athener“
1367 4771 1399 4828 P.
1417 4771 1438 4827 l.
1458 4789 1485 4846 p.
1503 4774 1555 4828 472
1574 4793 1613 4850 sq.
