3952 5648
969 261 1031 348 22

212 492 321 559 ciendi
344 512 380 555 ac
403 487 581 554 delectandi
604 489 664 566 vis,
688 483 726 555 τό
748 484 1047 580 προςαγωγότερον
1071 487 1105 566 (i.
1121 507 1147 548 e.
1171 479 1212 552 τό
1234 481 1412 579 ἦδιλτερον,
1434 483 1452 552 ὃ
1474 481 1648 578 apocalysi,
1673 485 1794 567 schol.)

209 602 253 666 ita
276 592 465 664 Herodoteo
493 596 633 661 sermoni
665 599 793 680 propria
812 615 860 657 ao
882 613 985 677 prope
1008 591 1173 675 singularis
1196 594 1252 668 sit,
1274 601 1310 656 ut
1332 611 1445 674 magno
1468 605 1606 654 veterum
1632 590 1795 657 consensu

210 705 356 771 laudibus
381 703 561 771 extollatur;
586 703 660 765 Luo.
677 699 798 764 Herod.
823 699 875 783 §l
902 709 993 761 estu:
1024 697 1196 766 ἐνίσταται
1219 694 1284 765 οὖν
1305 694 1482 783 Ὀλύμπια
1504 691 1548 764 ro?
1568 693 1712 783 μεγόλα,
1734 699 1795 765 καὶ

212 809 236 880 ό
252 804 456 903 Ἡρόδοτος,
486 805 573 875 τοῦτ’
597 808 706 875 ἐκεῖνο
729 803 823 896 ἥκειν
845 808 882 872 ol
901 806 1042 888 νομίσας
1062 798 1125 869 τόν
1147 798 1287 896 καιρόν,
1318 798 1362 870 οὗ
1383 800 1532 888 μάλιστα
1555 803 1724 891 ἐγλίχετο,
1749 840 1792 856 -

165 965 168 972 ,
211 910 396 1009 παρελδιόν
425 915 459 990 ἐς
486 910 546 982 τόν
574 907 824 997 ὀπισθόδομον,
852 905 892 978 οὐ
921 905 1055 997 θεατήν
1082 905 1154 977 ἀλλ’
1183 905 1376 1001 ἀγωνιστήν
1403 909 1600 997 Ὀλυμπίων
1629 916 1794 1002 παρείχεν

211 1016 342 1102 ἑαυτόν,
365 1017 477 1108 ᾄδων
499 1014 571 1094 τοὶς
593 1021 778 1111 ἱστορίας
798 1020 863 1086 καὶ
884 1014 1010 1109 κηλῶν
1031 1009 1127 1091 roric
1148 1013 1377 1108 παρόντας,
1400 1013 1486 1110 ἄχρι
1501 1017 1633 1084 τοῦκαὶ
1650 1013 1796 1092 Μούσας

211 1125 383 1223 κληθῆναι
411 1122 471 1201 τας
497 1128 646 1214 βίβλους
675 1120 801 1201 αὑτοῦ,
830 1123 931 1191 ε’ννέα
960 1123 1019 1191 καὶ
1040 1117 1146 1197 ου’τδς
1168 1118 1286 1200 ουόας,
1317 1122 1463 1213 idemque
1488 1123 1603 1186 ibidem
1627 1126 1729 1185 statim
1752 1122 1796 1199 ah

215 1237 320 1306 initio,
344 1233 482 1316 Dionys.
508 1232 608 1293 Halic.
633 1235 722 1314 epist.
747 1229 786 1291 ad
812 1227 872 1293 Cn.
899 1231 1008 1312 Pomp.
1033 1231 1070 1291 T.
1088 1231 1132 1304 ll,
1157 1251 1186 1312 p.
1207 1233 1284 1298 130:
1315 1224 1446 1320 ἡδονήν
1468 1226 1583 1296 δὲκαὶ
1606 1222 1713 1295 needed
1734 1227 1797 1295 nal

212 1343 336 1432 τίριγιν
359 1339 416 1403 καὶ
439 1331 502 1412 τός
523 1336 729 1423 ὁμοιογενεῖς
742 1329 875 1425 ,αἱρετός
897 1328 1083 1428 εἶςρίρεται
1097 1331 1219 1426 μακρῷ
1240 1333 1457 1401 Θουκυδίδου
1474 1328 1798 1426 κρείττοναςἩρό-

214 1450 326 1519 δοτος,
350 1442 430 1505 idern
454 1442 606 1535 περὶτῆς
630 1438 697 1506 τῶν
720 1437 830 1526 λόγιον
854 1435 1030 1522 ἐξετάσεως
1053 1463 1085 1524 p.
1101 1444 1155 1508 69:
1187 1436 1298 1529 ἡδονῇ
1320 1436 1359 1504 δὲ
1379 1440 1437 1506 καὶ
1460 1444 1579 1507 πειθοῖ
1599 1442 1656 1506 καὶ
1677 1438 1799 1530 χάριτι

213 1552 271 1618 καὶ
300 1543 343 1635 τῷ
372 1543 492 1640 ἀφελεῖ
517 1544 684 1640 ου’τοιρυεῖ
710 1543 931 1635 ἀβασανίοτῳ
959 1542 1082 1638 μακρῷ
1110 1543 1331 1632 διενεγκόντα
1358 1543 1397 1626 (i.
1419 1568 1445 1608 e.
1476 1542 1538 1614 τοῦ
1561 1549 1798 1626 Θουκυδίδου)

213 1653 275 1725 τόν
301 1651 490 1745 Ἡρόδοτον
517 1656 729 1745 εὑρίσκομεν.
788 1653 874 1738 Quin
906 1654 1013 1727 etiam,
1049 1673 1112 1734 qua
1141 1653 1263 1714 ratione
1289 1652 1518 1735 Logograpbos
1546 1676 1615 1715 corn
1644 1657 1750 1737 poetis
1778 1673 1798 1714 a

214 1760 404 1843 Thucydide
428 1760 579 1845 coniungi
604 1770 634 1822 et
658 1763 747 1843 quasi
771 1760 945 1842 comparari
971 1756 1039 1834 (lih.
1058 1757 1081 1833 1,
1105 1771 1131 1821 c.
1148 1757 1503 1842 21)'legimus,'eadcm
1528 1759 1644 1822 Strabo
1669 1757 1709 1821 de
1730 1759 1798 1827 He-

215 1865 333 1930 rodoto
359 1877 514 1948 {amquam
539 1864 579 1927 de
602 1877 696 1949 poeta
720 1865 868 1948 loquitur,
892 1866 927 1927 L.
946 1863 1049 1939 XVll,
1073 1886 1102 1947 p.
1120 1868 1194 1933 818.
1218 1865 1260 1927 D.
1286 1863 1335 1927 ed.
1361 1862 1498 1929 Casaob.
1525 1865 1561 1947 (ξ
1577 1871 1622 1933 5'2
1646 1865 1799 1945 Tascb.):

215 1968 325 2040 πολλοῖ
339 1967 368 2038 δ’
381 1965 571 2060 Ἡρόδοτός
585 1997 620 2036 τε
634 1970 691 2036 καὶ
705 1969 803 2038 ἄλλοι
818 1971 1036 2062 φλυαροῦσιν,
1061 1966 1190 2062 ὥςπερ
1205 1969 1334 2055 μέλος
1353 1969 1376 2059 ἢ
1399 1966 1573 2061 ῥυθμόν
1593 1970 1613 2065 ἢ
1635 1963 1799 2065 η’δυσμοὶ

214 2107 253 2147 τι
275 2077 321 2163 τῷ
343 2073 434 2161 λόγῳ
462 2070 525 2162 τήν
554 2079 730 2167 τερατείαν
757 2075 1010 2168 προςφίροντες.
1056 2074 1120 2137 Sed
1151 2079 1228 2158 quid
1255 2076 1366 2160 plura?
1396 2082 1465 2161 ipse
1494 2078 1574 2142 adeo
1602 2077 1799 2153 Plutarchus,

217 2186 357 2268 quamvis
387 2182 528 2265 malignis
556 2181 756 2245 sermonibus
781 2181 937 2244 Herodoti
961 2183 1070 2242 merita
1094 2180 1329 2258 detrectaverit,
1360 2187 1521 2245 suavitatis
1546 2180 1800 2248 tamen'laudem

216 2292 400 2352 imminuere
424 2296 488 2351 non
513 2309 608 2350 ausus
632 2298 687 2362 est,
710 2290 741 2350 in
766 2285 876 2350 libello
899 2287 972 2377 περὶ
989 2283 1121 2377 τῆςτοῦ
1136 2282 1332 2378 Ἡροδότου
1346 2293 1554 2377 κακοηθείας
1570 2303 1647 2354 extr.
1671 2293 1712 2370 (ο.
1724 2292 1800 2363 43μ

217 2389 383 2487 γραφικός
405 2388 493 2486 οἷνηρ
517 2394 574 2460 καὶ
598 2387 679 2483 ηδδς
702 2391 721 2458 ὀ
745 2386 855 2476 λόγος,
878 2393 935 2457 καὶ
958 2387 1060 2482 χάρις
1083 2396 1193 2460 ἔπεστι
1215 2393 1273 2460 καὶ
1295 2391 1450 2488 δεινότης
1472 2399 1529 2463 καὶ
1546 2393 1619 2488 ὥρα
1637 2400 1708 2468 τοῖς
1722 2397 1801 2485 διη-

217 2496 357 2592 γήμασι·
380 2497 522 2582 μῦθον
545 2493 573 2564 δ’
597 2497 646 2572 ὠς
670 2492 723 2564 ὅτ>
746 2490 885 2570 ἀοιδός
911 2495 1136 2581 ἐπισταμένως
1156 2497 1223 2583 μέν
1244 2495 1296 2574 od,
1318 2502 1464 2591 λιγυριός
1481 2503 1519 2569 ot
1537 2505 1592 2570 καὶ
1610 2495 1801 2593 γλαφυρῶς

217 2602 417 2700 ἠγόρευκεν,
449 2598 569 2689 ἀμέλει
597 2601 725 2670 ταῦτα
755 2602 824 2667 καὶ
854 2608 972 2690 κηλεῖ
1000 2604 1065 2669 καὶ
1097 2600 1348 2694 προςάγεται
1380 2604 1546 2682 πάντας.
1580 2645 1619 2660 ——
1653 2612 1804 2671 Attamen

217 2731 408 2793 magnopere
432 2709 606 2771 carendum
632 2719 692 2784 est,
722 2727 763 2769 ne
788 2710 857 2789 quis
881 2708 912 2768 id
937 2707 997 2768 sibi
1021 2708 1243 2790 Thucydidem
1266 2707 1475 2793 proposuisse
1500 2713 1621 2792 credat,
1651 2724 1698 2788 ut,
1722 2713 1803 2775 Plu-

219 2814 319 2877 tarchi
347 2812 437 2872 istius
465 2830 567 2886 more,
592 2809 711 2872 aemuli
739 2810 787 2871 sui
816 2809 933 2891 gloriae
962 2810 1169 2884 obtrectaret,
1195 2834 1230 2873 ac
1254 2815 1464 2896 vituperando
1488 2817 1599 2880 laudes
1624 2823 1652 2880 ei
1676 2817 1804 2882 debitas

219 2919 414 3003 praeriperet
441 2913 565 2996 sibique
596 2912 782 2986 vindicaret;
814 2913 871 2975 sed
900 2916 969 2975 veri
992 2917 1218 2979 amantissimus
1241 2922 1391 3002 scriptor,
1420 2941 1484 3003 quo
1508 2922 1618 2985 melius
1643 2945 1703 3006 qua
1728 2927 1804 3010 ipse

219 3023 330 3086 fuisset
359 3024 391 3082 in
422 3018 518 3082 rebus
542 3017 771 3104 cognoscendis
795 3039 831 3080 ac
854 3019 1095 3103 perscrutandis
1113 3019 1287 3107 diligentia,
1317 3025 1532 3091 alectoiihus
1555 3034 1804 3114 perspiceretur,

146 3174 148 3177 -
220 3124 467 3191 tum‘nonnulla
496 3134 580 3187 certe
613 3124 766 3208 exempla,
798 3145 834 3186 ex
867 3124 982 3213 quibus
1012 3125 1218 3208 plurimorum
1248 3129 1446 3196 Graecorum
1476 3137 1508 3197 in
1541 3135 1587 3198 his
1618 3135 1714 3199 rebus
1747 3137 1805 3202 vel

221 3232 410 3317 negligentia
432 3228 484 3292 rel
507 3229 674 3294 credulitas
698 3231 866 3306 eluceret,
882 3231 1044 3294 afferenda
1074 3240 1130 3312 (ut
1151 3237 1179 3312 l,
1203 3257 1237 3299 c.
1254 3242 1331 3317 20),
1358 3248 1423 3300 tum
1452 3237 1507 3301 ubi
1531 3261 1582 3302 res
1606 3244 1686 3324 ip'sa,
1715 3264 1804 3326 quae

224 3349 394 3414 enarratur,
421 3339 601 3400 necessario
618 3335 785 3427 'postulare
808 3333 968 3399 videretur
992 3348 1039 3414 (ot
1063 3339 1103 3415 ll,
1127 3361 1152 3403 c.
1174 3344 1215 3421 8)
1244 3362 1383 3406 errorem
1407 3344 1456 3406 vel
1479 3349 1692 3429 gravissimum
1715 3356 1805 3414 tecte

224 3454 318 3528 atque
343 3443 467 3506 occulte
489 3440 690 3505 indicandum
716 3440 811 3505 duxit.
859 3440 1073 3526 Quamobrem
1097 3446 1273 3528 permultas.
1290 3448 1374 3526 alias,
1397 3473 1476 3535 quas
1492 3454 1520 3514 ei
1536 3453 1677 3516 Historia
1694 3455 1805 3518 Heio.

225 3549 319 3614 dotea
342 3547 517 3632 praebebat
542 3546 739 3631 obloquendi
761 3545 812 3610 vel
834 3546 1090 3631 reprehendendi
1113 3555 1306 3632 occasiones,
1329 3558 1561 3622 aDahlrnanno
1586 3560 1619 3636 (l.
1636 3581 1662 3622 c.
1686 3583 1718 3647 p.
1733 3558 1804 3635 2'19

224 3661 307 3741 sqq.)
332 3655 551 3739 copiosissime
575 3664 779 3729 enrrmeratas,
803 3652 951 3716 consulto
975 3675 1012 3716 ac
1035 3653 1076 3717 de
1098 3655 1251 3722 industria
1268 3664 1417 3737 ¹omisisse
1440 3665 1600 3749 putandus
1624 3673 1681 3727 est.

358 3759 438 3837 Sed,
467 3771 501 3823 ut
524 3763 583 3822 iam
607 3757 646 3822 ad
671 3763 868 3842 propositum
893 3757 1070 3838 redeamus,
1101 3764 1199 3826 cuivis
1222 3770 1383 3845 attentius,
1413 3792 1493 3854 quae
1516 3783 1546 3833 et
1571 3769 1734 3854 quomodo
1757 3772 1802 3840 de

224 3867 310 3937 Delo
334 3876 545 3930 terraemotu
568 3887 722 3930 concussa
745 3876 879 3949 uterque
902 3867 1037 3949 scriptor
1061 3865 1208 3952 disputet,
1231 3872 1552 3941 consideranti-haud
1576 3876 1707 3942 dubium
1729 3879 1803 3946 fore

226 3971 457 4050 contenderim,
489 3975 564 4056 quin
588 3970 632 4034 ibi
655 3959 887 4039 evidentissime
911 3969 1107 4054 Thucydidis
1131 3979 1234 4040 animo
1257 3978 1348 4044 locus
1372 3982 1578 4046 Herodoteus
1602 3983 1802 4066 obversetur,

226 4101 296 4144 cum
320 4099 384 4140 non
407 4078 503 4142 modo
526 4078 637 4141 iisdem
662 4098 763 4162 paene
786 4075 901 4153 verbis,
924 4086 959 4138 ut
980 4099 1074 4162 supra
1092 4078 1338 4149 demonstratum
1355 4098 1410 4163 est,
1434 4099 1569 4165 utantur,
1593 4089 1650 4154 sed
1668 4090 1802 4157 eandem

227 4189 318 4252 etiam
352 4182 569 4246 subinnxerint
602 4183 647 4246 illi
681 4182 827 4269 prodigio
864 4186 1062 4262 sententiam,
1101 4166 1320 4274 Thucydides:
1359 4192 1489 4280 ε’λίγετο
1526 4193 1565 4263 da'
1601 4198 1660 4264 καὶ
1689 4193 1802 4267 ἐδόκει

225 4292 278 4360 ἐπὶ
300 4295 371 4366 τοῖς
384 4288 544 4375 μέλλουσι
559 4284 763 4377 γενήσεσθαι
784 4285 952 4380 σημῆναι,
975 4289 1174 4357 Herodotus:
1197 4297 1255 4363 καὶ
1268 4298 1369 4366 τοῦτο
1383 4300 1448 4386 μίν
1462 4327 1528 4367 κου
1543 4303 1641 4394 τέρας
1656 4300 1801 4396 ἀνδρεί-

227 4424 315 4465 ποισι
335 4394 405 4464 τόν
427 4388 623 4480 μελλόντων
645 4397 781 4462 ἔσεσθαι
803 4391 916 4461 κακῶν
938 4397 1042 4487 ε”φηνε
1064 4396 1084 4463 ὁ
1107 4394 1200 4476 θεός.
1246 4402 1309 4467 lam
1339 4405 1420 4468 hanc
1444 4406 1487 4470 ob
1511 4429 1649 4472 caussam
1673 4411 1801 4477 Wassii

229 4501 268 4565 ad
292 4501 513 4588 Thucydidem
538 4501 717 4584 explicatio,
747 4522 900 4585 quaeum
924 4505 1039 4586 prioris
1062 4516 1180 4585 motus,
1200 4502 1265 4593 vqui
1288 4510 1395 4593 paullo
1419 4523 1492 4577 ante
1514 4526 1655 4580 exortum
1679 4514 1801 4584 bellum

227 4609 387 4672 Persicum
419 4609 494 4672 Deli
525 4609 708 4685 sentiretur,
740 4606 873 4673 oblitum
906 4632 975 4674 esse
1006 4612 1203 4691 existimarit,
1236 4613 1356 4690 admitti
1386 4621 1507 4705 nequit.
1562 4608 1799 4705 Verumtamen,

231 4716 350 4780 etiamsi
372 4713 451 4777 illud
473 4735 602 4798 quoque
622 4711 823 4794 concedatur,
846 4712 1075 4804 Thucydidem,
1100 4739 1171 4783 cum
1192 4719 1270 4784 haec
1291 4721 1458 4805 scriberet,¹
1475 4710 1610 4810 quae'ab
1627 4730 1799 4803 Herodoto

231 4819 271 4886 de
286 4820 341 4886 illo
356 4829 445 4884 motu
458 4820 646 4900 referuntur,
667 4817 809 4894 nondum
821 4820 960 4910 ⁴legisse:¹
974 4847 1058 4916 num,
1081 4846 1209 4909 quaeso,
1231 4828 1400 4912 probabile
1415 4841 1472 4911 est,
1495 4853 1575 4914 eum,
1595 4839 1686 4900 cuius
1706 4834 1801 4904 labor
