3952 5648
912 253 1069 384 E„

199 500 280 543 nore
310 476 421 542 labore
449 487 690 562 expugnassent.
737 476 801 539 lam
825 474 913 538 vides
936 476 1035 541 verba
1059 480 1243 569 πολιορκίᾳ
1265 473 1293 545 d’
1316 475 1362 543 ἂν
1385 472 1695 568 προςκαθεζόμενοι
1718 477 1778 541 illis

199 586 320 670 opponi
344 579 378 650 εί
398 583 543 671 ξυνεχῶς
565 579 627 651 τόν
650 577 799 666 πόλεμον
823 583 1045 676 διερερσν,σί
1069 588 1173 666 posita
1199 605 1268 645 esse
1292 604 1351 666 pro
1374 577 1409 646 εί
1427 579 1464 648 d'e'
1486 587 1664 675 πολιορκίᾳ
1679 608 1781 676 προς-

199 690 411 772 εκαίλίζοντο,
435 713 494 774 qua
519 694 674 775 participii
700 699 730 751 et
754 687 844 752 verbi
868 689 949 751 liniti
972 692 1206 772 permutatione
1231 686 1304 750 nihil
1330 699 1376 750 est
1393 686 1475 772 apud
1494 689 1577 749 hunc
1593 677 1780 774 scriptorem

197 797 394 882 frequentius
408 798 445 878 1);
471 796 588 860 deinde
611 819 692 881 quae
716 796 806 857 initio
830 799 1000 878 praemissa
1024 807 1097 858 suut
1121 797 1315 886 περιουσίαν
1339 791 1377 860 dt
1400 786 1435 860 ei
1453 784 1565 881 ἦλθον
1587 795 1780 880 ἔχοντες-

197 906 362 995 γεωργίας
385 902 423 964 ad
449 912 546 965 totam
569 905 726 988 pertinere
749 899 925 984 periodum,
949 922 1010 963 nec
1032 905 1133 963 minus
1156 900 1195 962 ad
1213 922 1258 975 ea,
1283 921 1365 983 quae
1380 897 1419 959 de
1435 897 1603 962 obsidione
1622 899 1779 981 dicuutur,

196 1009 260 1071 hoc
283 1008 392 1072 modo:
417 1010 619 1100 περιουσίαν
643 1004 681 1073 del
703 1000 737 1073 εί
755 1002 867 1100 ἦλθον
888 1009 1025 1093 ἔχοντες
1041 1008 1177 1099 τροφῆς,
1201 1006 1259 1071 καλ
1274 1003 1367 1080 ὄντες
1381 1000 1509 1095 οἱίλρόοι
1524 999 1610 1071 ἄνευ
1626 1007 1781 1095 λῃστείας

196 1115 253 1180 καλ
277 1117 441 1205 γεωργίας
466 1117 645 1206 πολιορκίᾳ
667 1112 970 1206 προςεκαθίζοντο,
993 1114 1032 1180 ἐν
1054 1111 1217 1179 ἐλάσσονί
1234 1138 1269 1178 τε
1291 1104 1409 1202 χρόνῳ
1430 1113 1487 1176 καιΙ
1503 1105 1722 1203 ἀπονώτερον
1736 1110 1781 1178 ἂν

197 1214 260 1307 τήν
283 1223 413 1312 Τροίαν
436 1219 555 1302 εἶλονς
581 1220 719 1304 denique
743 1221 795 1282 itta
818 1220 878 1282 sibi
902 1218 1100 1304 respondere
1124 1220 1253 1309 ῥᾳδίως
1276 1215 1320 1283 ἂν
1342 1215 1436 1283 εἷλον
1459 1227 1489 1279 et
1505 1215 1721 1309 ἀπονώτερον
1736 1215 1781 1285 ἂν

197 1325 306 1411 εἶλον,
336 1338 370 1389 ut
399 1329 595 1389 accusativus
624 1320 685 1419 τήν
714 1327 845 1417 Τροίαν
874 1323 914 1388 ad
945 1338 1112 1409 utrumque
1145 1322 1318 1386 membrum
1343 1327 1382 1386 sit
1405 1322 1600 1386 relerendus.
1646 1323 1781 1386 Duabus

197 1434 279 1496 enim
310 1432 485 1495 rationibus
517 1455 569 1496 res
593 1433 747 1494 Troianas
780 1434 898 1494 institui
927 1434 1072 1516 putuisse
1101 1433 1143 1492 ait
1167 1431 1349 1504 historicus,
1381 1429 1433 1492 vel
1463 1429 1550 1492 bello
1580 1451 1645 1493 uuo
1670 1440 1782 1494 tenore

196 1537 395 1622 peragendo,
427 1549 492 1601 tum
525 1560 601 1602 sane
629 1560 689 1624 pro
713 1539 827 1601 virium
850 1537 1049 1600 multitudiue
1074 1536 1217 1600 Graecos
1241 1535 1329 1599 bello
1352 1539 1532 1621 superiores
1557 1535 1646 1598 lacile
1670 1534 1782 1599 urbem

197 1654 347 1728 capturos
379 1643 488 1719 luisse3
517 1643 570 1707 vel
598 1645 679 1706 iusta
704 1643 874 1709 obsidione
897 1642 1008 1707 urbem
1031 1643 1220 1728 premendo,
1250 1642 1307 1705 sed
1331 1651 1394 1704 tum
1421 1662 1549 1725 quoque
1572 1644 1781 1707 etiamsinon

195 1749 297 1827 facile,
319 1759 424 1813 tamen
447 1759 478 1812 et
501 1749 650 1813 breviore
673 1760 817 1833 tempore
841 1755 949 1834 (quam
974 1747 1080 1812 decem
1105 1771 1260 1812 annorum
1283 1748 1465 1829 intervallo)
1490 1758 1522 1810 et
1544 1750 1666 1812 minore
1682 1769 1783 1834 opera

197 1858 306 1939 (quam
329 1877 441 1918 revera
464 1859 606 1940 impensa
630 1877 700 1918 esse
724 1855 871 1939 traditur)
896 1856 979 1918 illam
1005 1855 1101 1919 luisse
1125 1866 1368 1941 expugnaturos.

329 1962 427 2025 Nunc
449 1973 645 2025 transeamus
670 1960 709 2024 ad
734 1984 802 2047 cap.
819 1969 875 2037 20,
899 1959 955 2024 ubi
979 1960 1089 2024 levitas
1114 1962 1273 2023 hominum
1298 1983 1315 2023 a
1339 1962 1494 2043 scriptore
1518 1964 1664 2045 carpitur,
1689 1962 1782 2025 etiam

197 2065 378 2130 domesticis
407 2070 438 2130 in
467 2068 575 2145 rebus,
602 2071 639 2130 iis
667 2090 748 2154 quae
777 2068 817 2131 ab
848 2068 915 2131 aliis
940 2067 1054 2130 tradita
1078 2070 1149 2145 sint,
1171 2067 1257 2129 nulla
1282 2066 1421 2130 adhibita
1444 2068 1511 2128 veri
1534 2065 1782 2150 investigatione,

196 2172 294 2237 fidem
325 2173 506 2235 habentium
535 2173 673 2258 ideoque
700 2177 732 2237 in
761 2178 961 2258 gravissimos
991 2195 1115 2237 errores
1144 2172 1364 2246 incidentium
1394 2193 1497 2255 neque
1521 2172 1552 2235 id
1576 2172 1659 2258 vulgi
1683 2170 1781 2236 modo

197 2301 267 2342 esse
289 2282 396 2342 vitium
421 2279 613 2357 ostenditur,
644 2279 703 2342 sed
729 2293 906 2344 ceterorum
932 2282 1021 2342 etiam
1048 2280 1260 2357 Graecorum,
1290 2293 1320 2342 et
1343 2282 1374 2341 in
1398 2276 1494 2340 rebus
1519 2278 1600 2342 adeo
1625 2287 1782 2341 vetustate

194 2383 339 2449 noudum
363 2386 551 2450 obliteratis.
597 2387 660 2449 Hic
683 2407 762 2449 vero
785 2389 954 2472 permirum
979 2384 1074 2448 uobis
1099 2385 1198 2448 videri
1223 2380 1327 2459 debet,
1351 2381 1438 2467 quod
1463 2406 1543 2468 quae
1560 2386 1651 2448 huius
1669 2384 1781 2468 culpae

193 2491 247 2555 vel
268 2495 410 2556 incuriae
435 2492 576 2577 exempla
600 2513 618 2554 a
642 2493 836 2577 Thucydide
860 2494 1049 2570 afferuntur,
1074 2492 1166 2554 etiam
1191 2494 1222 2554 in
1245 2489 1447 2561 Herodotum
1472 2490 1587 2554 cadere
1610 2490 1781 2553 videamus,

195 2599 271 2659 Huc
293 2598 376 2660 adde
400 2599 493 2661 alimn
517 2598 616 2662 multo
641 2601 733 2661 etiam
757 2603 932 2684 graviorem
955 2599 1061 2662 locum
1085 2620 1121 2662 ex
1147 2596 1305 2661 Herodoti
1330 2596 1383 2661 lib.
1408 2597 1468 2672 Vl,
1492 2619 1518 2660 c.
1540 2602 1599 2674 98,
1627 2596 1682 2660 ubi
1712 2615 1782 2658 cum

197 2699 291 2763 Datis
308 2710 337 2763 et
355 2704 579 2786 Artaphernes,
603 2705 737 2765 navibus
762 2725 798 2765 ex
815 2704 891 2766 Deli
915 2705 1036 2767 insulae
1060 2715 1155 2785 portu
1179 2703 1303 2780 solutis,
1323 2704 1446 2784 ingenti
1469 2708 1606 2764 exercitu
1631 2701 1669 2763 ad
1695 2722 1782 2763 ever-

196 2803 309 2867 tendas
327 2805 420 2866 urbes
439 2808 592 2866 Eretriam
609 2816 703 2887 atque
721 2803 861 2867 Athenas
878 2808 1069 2886 navigarent,
1093 2805 1224 2866 insulam
1248 2805 1332 2866 illam
1355 2813 1458 2865 terrae
1481 2815 1570 2866 motu
1594 2826 1783 2868 concussam

196 2930 266 2972 esse
286 2909 393 2987 refert,
418 2909 516 2994 quod,
539 2908 803 2993 quemadmodum
821 2909 907 2973 Delii
932 2909 1092 2987 dixissent,
1115 2930 1220 2993 neque
1243 2930 1382 2992 unquam
1405 2919 1497 2971 antea
1520 2930 1580 2972 uec
1604 2922 1716 2994 postea
1740 2909 1783 2974 ad

195 3036 284 3079 suam
306 3037 409 3099 usque
434 3026 567 3078 aetatem
593 3015 708 3077 lactum
731 3016 864 3096 esset').
911 3015 975 3079 Cui
999 3018 1171 3080 narrationi
1196 3036 1233 3077 ex
1258 3012 1427 3090 diametro,
1450 3024 1485 3076 ut
1509 3017 1608 3092 aiunt,
1631 3019 1783 3100 opposita

196 3130 269 3185 sunt
300 3142 348 3199 ea,
381 3143 462 3204 quae
492 3119 724 3205 aThucydide
752 3120 812 3183 sub
840 3124 931 3184 initio
961 3121 1036 3185 helli
1060 3121 1329 3205 Peloponnesiaci
1352 3119 1504 3183 accidisse
1528 3121 1702 3186 traduntur.
1749 3123 1780 3194 ls

196 3229 277 3290 enim
301 3248 370 3289 cum
395 3228 490 3290 multa
516 3226 644 3292 oracula
667 3249 705 3289 ac
726 3229 873 3290 vaticinia
898 3239 929 3290 et
951 3229 1036 3290 inter
1057 3227 1197 3312 populos
1221 3226 1461 3310 belligeraturos
1492 3238 1534 3292 et,
1551 3231 1583 3290 in
1614 3229 1681 3291 aliis
1704 3231 1781 3291 civi-

195 3331 314 3396 tatibus
343 3335 534 3397 circumferri
564 3337 595 3396 in
620 3336 803 3396 universum
827 3344 858 3398 et
880 3333 983 3398 verbo
1009 3345 1128 3397 tantum
1152 3342 1391 3408 commemoret,
1422 3332 1482 3394 hoc
1506 3333 1683 3418 prodigium
1709 3333 1780 3398 dili-

195 3439 319 3524 gentius
343 3447 373 3499 et
399 3442 488 3524 quasi
511 3438 551 3502 de
575 3438 729 3502 industria
753 3451 848 3524 atque
867 3437 978 3501 iisdem
996 3461 1097 3523 paene
1113 3438 1220 3503 verbis
1237 3439 1352 3523 quihus
1369 3437 1557 3503 Herodotus
1572 3443 1781 3526 persequitur,

194 3543 313 3608 Delum
342 3543 451 3628 paullo
482 3555 555 3608 ante
582 3556 698 3608 motam
723 3567 805 3622 esse,
835 3567 916 3631 quae
939 3566 1099 3635 nunquam
1124 3549 1212 3630 prius
1235 3556 1310 3629 post
1334 3545 1495 3608 hominum
1518 3550 1695 3610 memoriam
1719 3557 1781 3611 tre-

177 3645 370 3732 ‘muisset³).
418 3651 613 3734 Itaqueiam
636 3650 833 3729 scholiastes,
857 3662 943 3714 tanta
967 3662 1133 3736 perspecta
1157 3652 1373 3736 repugnantia,
1396 3649 1435 3712 ad
1461 3651 1658 3735 Thucydidis
1681 3651 1781 3716 verba

196 3759 286 3841 quasi
310 3755 527 3840 exprobrandi
551 3778 660 3820 caussa
686 3759 765 3821 haec
787 3762 967 3822 annotavit:
993 3758 1054 3824 καὶ
1073 3754 1144 3850 pqr
1164 3753 1354 3850 Ἡρόδοτος
1375 3756 1475 3842 λε’γει,
1499 3753 1552 3824 ὅτι
1575 3755 1719 3852 ἐκινήθη
1742 3760 1780 3828 ἕν

195 3867 268 3938 τοῖς
291 3865 472 3952 Μηδικοῖς.
507 3899 547 3910 --
577 3864 667 3926 Haec
690 3862 826 3928 duorum
849 3867 1103 3950 gravissimorum
1129 3863 1352 3926 historicorum
1378 3861 1588 3949 discrepantia
1612 3871 1722 3928 mirum
1745 3868 1779 3929 in

194 3967 323 4032 modum
347 3972 469 4030 vexavit
486 3971 652 4053 utriusque
668 3973 833 4056 scriptoris
849 3974 1047 4056 interpretes.
1083 3969 1230 4054 Quorum
1247 3967 1287 4032 de
1302 3971 1396 4031 variis
1412 3971 1586 4055 explicandi
1602 3970 1779 4035 rationibus

194 4073 330 4160 primum
354 4073 512 4151 disseram,
537 4096 684 4164 quaeque
706 4076 746 4141 ab
769 4080 807 4141 iis
829 4077 933 4142 minus
956 4088 1043 4141 recte
1065 4077 1139 4140 mihi
1163 4075 1321 4162 disputata
1343 4073 1538 4142 videbuntur
1560 4079 1705 4143 relellere
1727 4098 1777 4140 eo·

197 4256 406 4265 ““·”-““-
718 4249 730 4293 l

222 4359 247 4423 ¹)
265 4351 359 4431 Poppo
378 4351 409 4408 P.
428 4354 448 4409 l.
466 4353 526 4411 Vol.
545 4356 565 4411 l.
583 4376 610 4434 p.
623 4361 684 4414 271.

221 4463 247 4528 ²)
266 4460 346 4516 Μετοὶ
369 4460 396 4516 δὲ
421 4462 518 4518 τοῦτον
542 4465 605 4535 (cdv
624 4464 722 4534 Δοῖτιν)
746 4465 878 4524 ἐνθεῦτεν
902 4469 1102 4538 ἐξαναχθέντα,
1127 4465 1212 4538 Δῆλος
1234 4461 1360 4534 ἐκινήθη,
1385 4463 1422 4521 νῖῦ
1443 4465 1535 4539 ἔλεγον
1559 4465 1588 4521 οἶ
1604 4459 1708 4534 Δήλιον,
1732 4473 1778 4520 καὶ

265 4551 362 4617 πρῶτα
386 4559 431 4605 καὶ
456 4545 555 4605 torm
580 4561 659 4627 μέχρι
686 4556 750 4626 ε’μεῦ
773 4563 921 4614 σεισθεῖσα.
950 4568 995 4613 καλ
1017 4557 1094 4613 rorico
1116 4562 1168 4628 μέν
1191 4578 1238 4610 κον
1256 4560 1333 4627 elpes
1357 4550 1529 4626 ἀνθρώποισι
1551 4551 1606 4611 σοῖν
1622 4551 1778 4625 μελλόντων

266 4640 378 4692 ἔσεσθαι
396 4637 487 4692 κακοῖν
506 4640 587 4709 ἔφηνε
607 4641 623 4698 o‘
640 4650 716 4700 θεόν.

221 4749 249 4816 ⁸)
266 4739 346 4797 Thoe.
360 4741 392 4798 ll.
410 4765 431 4799 e.
444 4747 472 4800 8:
492 4747 531 4800 ἔτι
549 4745 577 4801 δὲ
589 4752 672 4817 Δῆλος
687 4751 808 4836 ἐκινήθη
827 4752 921 4827 ὀλίγον
940 4752 993 4827 πρὸ
1011 4751 1121 4819 τούτων,
1140 4749 1274 4824 πρότερον
1286 4746 1361 4807 orium
1374 4751 1525 4820 σεισθεῖσα,
1546 4746 1594 4823 ἀφ’
1604 4744 1635 4806 οὗ
1646 4745 1781 4820 ''Ei-lmes-

234 4889 237 4895 .
265 4840 434 4903 μέμνηνται·
453 4835 560 4908 ἐλέγετο
576 4834 606 4892 dl
624 4847 669 4893 καλ
688 4837 778 4898 ἐδόκει
797 4841 842 4897 ἐπὶ
860 4848 917 4898 τοῖς
933 4841 1059 4914 μέλλουσι
1078 4844 1242 4916 γενήσεσθαι
1261 4835 1388 4911 σημῆναι.
