3952 5648
951 267 1055 397 m

192 505 232 570 αἱ
250 497 316 585 μέν
339 493 382 587 δή
404 491 536 589 προῦται
558 489 626 560 τεόν
650 489 734 560 νεοῦν
756 491 890 584 ὥρμεον
913 489 996 585 πρός
1018 489 1071 585 γῇ,
1094 486 1198 558 σ’ίλλαι
1222 486 1251 556 δ’
1272 483 1321 556 ἐπ’
1343 489 1489 578 ἐκείνῃσι
1504 483 1552 556 ἐπ’
1569 487 1766 579 ἀγκυρέων·

192 605 251 674 ἅτε
273 601 337 697 γῦρ
362 605 420 671 τοῦ
442 597 600 688 αἰγιαλοῦ
622 596 736 675 ε’όντος
759 595 797 666 ou'
820 596 981 686 μεγάλου,
1006 595 1209 691 πρόκροσσαι
1231 593 1398 687 ὁρμέοντο
1421 595 1455 670 ἐς
1477 589 1610 671 πόντον,
1633 595 1691 662 καὶ
1713 595 1770 662 ε’πὶ

193 707 277 780 ὀκτώ
294 712 380 786 νίας.
404 707 457 769 ubi
474 705 536 768 vid.
553 707 728 790 Schweiglr.
769 708 818 769 De
835 707 881 768 bis
906 710 997 789 igitur
1021 709 1130 767 castris
1154 713 1242 766 tauto
1267 703 1401 765 artificio
1427 701 1591 766 collocatis
1616 723 1652 763 ac
1676 722 1764 764 com-

193 823 317 883 munitis
341 812 547 902 Thucydides
570 823 682 875 nostro
707 810 832 902 quidem
856 812 975 875 iudicio
998 810 1042 874 ibi
1066 813 1165 894 egisse
1189 807 1349 894 putandus
1373 818 1428 871 est.

325 922 361 984 ln
384 922 429 995 iis,
453 940 533 1006 quae
560 916 668 1002 paullo
692 928 766 1001 post
789 930 965 1000 sequuntur
989 919 1200 1009 (περιουσίαν
1224 911 1261 982 δέ
1282 907 1317 980 εἰ
1335 905 1448 1007 ἦλδον
1470 916 1605 1002 ἔχοντες
1627 912 1767 1006 τροφῆς,

193 1032 251 1098 καί
274 1024 368 1102 ὅντες
391 1019 520 1117 ἀθρόοι
544 1020 626 1089 ἄνευ
648 1026 801 1112 λῃστείας
824 1025 882 1090 καί
905 1027 1069 1116 γεωργίας
1093 1019 1238 1108 ξυνεχοῦς
1261 1014 1321 1087 τόν
1345 1019 1493 1102 πόλεμον
1508 1021 1674 1114 διέφερον,
1698 1022 1771 1107 ῥᾳ-

194 1140 272 1212 δίως
295 1134 339 1201 ἂν
361 1127 457 1220 μάχῃ
480 1127 682 1220 κρατοῦντες
705 1128 810 1196 εἶλον·
835 1132 874 1196 oi'
889 1156 926 1215 γε
949 1130 1007 1195 καὶ
1030 1122 1091 1194 οῦκ
1113 1123 1252 1219 ἁθρόοι,
1277 1119 1368 1193 α’λλοῖ
1389 1126 1485 1218 μέρει
1502 1124 1547 1212 τῷ
1563 1121 1613 1192 ἀεὶ
1629 1121 1771 1217 παρόντι

194 1241 369 1327 ἀντεῖχον·
395 1238 573 1326 πολιορκίᾳ
597 1229 625 1301 δ’
648 1231 693 1302 ἄν
715 1232 1031 1329 προςκαδεζόμενοι,
1056 1232 1093 1299 ἐν
1115 1233 1275 1300 ε’λόσουνί
1293 1260 1328 1300 τε
1351 1228 1466 1324 χρόνῳ
1481 1233 1537 1299 καὶ
1553 1227 1772 1322 ἀπονώτερον

194 1343 258 1435 τήν
288 1347 418 1438 Τροίαν
446 1341 566 1422 εἷλον.)
598 1363 634 1404 ea
663 1341 800 1419 videtur,
833 1339 1098 1427 quemadmodum
1128 1341 1222 1424 vulgo
1252 1343 1464 1424 accipiuntur,
1496 1337 1703 1401 redundantia
1732 1360 1773 1400 ac

194 1475 296 1539 paene
318 1447 520 1535 ταῦτολογία
542 1451 658 1524 inesse,
681 1450 732 1510 vix
755 1458 789 1510 ut
813 1446 897 1532 apud
922 1449 1018 1511 ullum
1043 1447 1135 1510 alium
1160 1449 1343 1530 scriptorem
1369 1444 1441 1507 lcrri
1464 1447 1579 1528 possit,
1603 1443 1772 1528 Thucydi-

196 1556 288 1620 deum
312 1578 390 1620 vero
415 1553 590 1617 disserendi
613 1575 712 1638 genus
735 1556 859 1617 minime
883 1575 1043 1637 agnoscas.
1088 1555 1168 1639 N'am
1193 1575 1263 1615 cum
1287 1553 1444 1635 scripserit
1469 1552 1598 1641 ῥᾳδίως
1613 1548 1659 1617 cir
1672 1548 1774 1641 μάχῃ

195 1665 394 1754 κρατοῦντες
423 1659 530 1746 εἶλον,
561 1660 639 1723 haec
667 1658 763 1722 verba
794 1660 831 1726 ἐν
860 1658 1022 1727 ἕλοὲσοονί
1038 1687 1073 1728 τε
1096 1656 1211 1752 χρόνῳ
1234 1658 1291 1725 καί
1313 1651 1526 1749 αποντότερον
1549 1651 1608 1750 τήν
1638 1658 1773 1748 Τροίαν

195 1766 287 1835 εἷλον
311 1766 486 1851 languidius
509 1768 614 1828 iterari
637 1764 877 1830 concedendum
901 1778 957 1830 est.
1002 1767 1111 1851 ltaque
1136 1769 1264 1851 Poppo:
1300 1761 1464 1842 ‚‚Nobis“
1488 1766 1616 1846 (inquit)
1640 1761 1775 1838 „uerba

195 1877 428 1964 πολιορκίᾳ-
445 1868 505 1966 τήν
525 1869 765 1964 Ίροίανείλον
790 1871 958 1960 languere,
982 1881 1016 1936 et
1034 1870 1154 1960 pn'ora
1176 1875 1354 1964 πολιορκίᾳ
1376 1864 1684 1962 προςκαδεζόμενοι
1707 1889 1775 1932 oer-

197 1976 316 2043 borum
339 1975 373 2047 εἰ
393 1975 489 2064 όντες
511 1973 638 2070 ἀθρόοι
661 1972 743 2045 ἄνευ
766 1982 920 2069 λῃστείαις
942 1980 999 2045 καί
1021 1982 1184 2071 γεωργίας
1205 1976 1350 2063 ξυνεχῶς
1365 1971 1425 2043 τόν
1442 1974 1588 2059 πόλεμον
1604 1974 1776 2067 διέφερον,

197 2083 285 2146 sicut
307 2083 504 2169 posteriora
532 2084 570 2151 ἐν
599 2123 642 2136 -
678 2088 808 2178 Τροίαν
837 2084 929 2154 εἶλον
957 2084 1172 2170 superiorum
1201 2087 1330 2176 ῥᾳδίως
1358 2080 1401 2148 ἂν
1424 2079 1516 2148 εἶλον
1538 2080 1775 2166 παραπλώουσι

200 2186 351 2255 uidentur
376 2189 556 2255 coutz'aere.
608 2189 729 2277 Quare
756 2187 853 2255 laud
876 2192 1002 2255 scimus
1032 2213 1077 2255 ιτπ
1103 2187 1405 2263 liaeoenunciatr'o
1430 2197 1593 2272 suspecta
1619 2209 1694 2250 esse
1714 2185 1776 2265 de-

199 2292 312 2360 beat.“
358 2296 420 2360 Sed
451 2307 485 2360 ut
507 2298 585 2359 llaec
606 2295 704 2359 verba
727 2299 753 2359 si
778 2296 937 2376 deessent,
969 2296 1052 2360 haud
1078 2297 1167 2360 facile
1191 2317 1379 2381 quemquam
1404 2293 1652 2356 desideraturum
1677 2293 1777 2357 luisse

197 2400 357 2480 fateamur,
381 2414 484 2466 tamen
508 2424 574 2466 non
598 2401 699 2465 solum
724 2405 812 2486 prius
835 2402 914 2466 illud
938 2402 1028 2470 εἶλον
1053 2415 1112 2466 tam
1135 2401 1222 2465 nude
1244 2407 1390 2486 positum,
1415 2404 1532 2464 omisso
1557 2398 1685 2463 obiecto
1709 2391 1778 2486 τήν

206 2509 351 2598 Τροίαν,
383 2509 556 2572 offensioni
584 2530 652 2571 esse
683 2506 795 2584 debet,
827 2531 949 2586 verum,
981 2521 1014 2572 nt
1046 2509 1086 2572 de
1110 2512 1248 2572 omnium
1272 2507 1417 2571 codicum
1442 2528 1601 2569 consensu
1625 2515 1779 2582 taceatur,

197 2611 275 2675 illud
292 2616 425 2678 maxime
442 2615 556 2692 obstat,
580 2614 667 2699 quod
687 2636 756 2678 cum
773 2618 832 2676 iam
848 2615 909 2677 boc
924 2616 968 2682 ἕν
983 2613 1177 2684 ε’λόσσονί
1193 2642 1231 2681 τε
1253 2614 1393 2706 χρόνῳ
1415 2612 1484 2679 καὶ
1506 2607 1781 2703 α’ποντότερον

196 2712 258 2809 τήν
288 2722 347 2808 Τρ.
371 2719 463 2786 εἶλον
486 2742 503 2781 a
526 2720 686 2800 prioribus
710 2723 838 2808 ῥᾳδίως
861 2719 905 2785 ἂν
926 2719 1023 2808 μόχῃ
1048 2718 1253 2810 κρατοῦντες
1276 2718 1370 2786 εἷλον
1394 2717 1566 2801 discrepat,
1597 2728 1660 2779 tum
1685 2739 1781 2801 prae·

197 2823 291 2905 cipue
315 2819 392 2882 illud
417 2823 599 2913 πολιορκίᾳ
622 2818 651 2886 δ’
674 2818 719 2885 ἂν
741 2822 1049 2911 προςκαίδεζόμενοι
1074 2822 1163 2883 nirnis
1187 2821 1398 2885 abhorret‘ab
1423 2824 1481 2882 bac
1504 2827 1657 2883 sententia
1681 2820 1717 2887 εί
1735 2863 1782 2873 -

199 2921 294 3002 ὅντες
316 2921 445 3017 ἀθρόοι
468 2922 551 2993 ἄνευ
575 2928 728 3016 λῃστείας
750 2926 808 2991 καί
830 2929 994 3017 γεωργίας
1017 2926 1165 3013 ξυνεχῶς
1186 2921 1248 2993 τόν
1271 2922 1422 3013 πόλεμον
1445 2924 1613 3019 διέφερον,
1638 2938 1672 2989 ut
1697 2952 1782 3013 quo-

198 3031 295 3096 modo
320 3033 396 3094 haec
419 3054 435 3094 a
459 3031 560 3094 sciolo
576 3032 627 3094 vel
642 3035 841 3115 grammatico
857 3035 965 3094 nescio
983 3054 1047 3117 quo
1064 3034 1205 3118 prolecta
1221 3037 1597 3119 potuerintnequaquam
1615 3048 1781 3118 appareat.

199 3139 299 3201 Etiam
323 3139 486 3223 Kruegero
509 3137 608 3201 verba
630 3139 810 3229 πολιορκίᾳ
834 3175 874 3187 -
898 3135 991 3205 εἶλον
1012 3143 1088 3201 mira
1110 3139 1307 3217 videbantur,
1331 3144 1420 3223 isque
1436 3139 1539 3202 locum
1558 3140 1782 3207 emendatione

200 3242 375 3307 sanandum
398 3254 492 3321 ratus,
517 3267 617 3329 aeque
642 3243 762 3306 facilem
787 3255 880 3328 atque
904 3245 1098 3327 ingeniosam
1122 3244 1302 3331 proposuit,
1325 3255 1359 3307 ut
1384 3243 1491 3307 deleto
1515 3248 1622 3330 priore
1638 3247 1731 3315 εἶλον
1746 3261 1783 3314 et

200 3349 353 3434 particula
377 3349 418 3416 δέ
436 3350 568 3435 legatur:
592 3352 720 3442 ῥᾳδίως
742 3345 787 3415 ἂν
808 3343 904 3438 μα’χῃ
927 3352 1139 3442 κρατοῦντες,
1164 3354 1204 3417 oi'
1213 3378 1250 3438 γε
1274 3388 1313 3399 -
1338 3349 1509 3438 α’ντεῖχον,
1533 3357 1716 3446 πολιορκίᾳ
1732 3353 1785 3423 ἄν

201 3451 512 3548 προςκαδεζόμενοι
535 3494 574 3505 -
598 3451 660 3548 τήν
691 3457 821 3547 Τροίαν
843 3453 947 3525 εἷλον.
995 3458 1043 3520 Ita
1066 3479 1157 3519 unam
1182 3478 1257 3519 sane
1273 3444 1697 3538 babemus'enuntiationem,
1721 3462 1782 3526 sed

202 3562 263 3626 sibi
290 3561 364 3648 ipsi,
394 3565 420 3624 si
449 3561 526 3647 quid
554 3561 662 3639 video,
694 3573 928 3646 repugnantem.
973 3564 1053 3627 Nam
1083 3565 1232 3627 alterutra
1257 3574 1342 3626 certe
1364 3585 1400 3626 re
1424 3586 1505 3648 opus
1529 3587 1594 3628 non
1619 3577 1698 3643 erat,
1726 3569 1783 3633 vel

203 3667 384 3747 obsidione,
415 3671 441 3731 si
464 3671 571 3733 hostes
595 3667 719 3753 proelio
742 3667 835 3732 facile
858 3667 984 3732 devinci
1006 3673 1199 3754 potuissent,
1228 3669 1280 3734 vel
1303 3672 1448 3748 victoria,
1478 3673 1504 3734 si
1528 3670 1636 3734 urbem
1662 3672 1782 3738 Graeci

202 3777 235 3838 in
257 3774 426 3839 obsidione
451 3785 559 3839 tenere
583 3774 767 3839 voluissent.
813 3776 858 3839 Ut
882 3774 981 3839 dicam
1005 3774 1092 3861 quod
1116 3779 1235 3854 sentio,
1265 3775 1436 3840 rectissime
1465 3797 1499 3838 se
1527 3775 1644 3840 babent
1674 3783 1782 3845 oinnia

205 3902 285 3964 quae
302 3882 386 3968 apud
404 3881 624 3966 Thucydidem
641 3882 796 3966 leguntur,
818 3892 1001 3966 tantumque
1017 3880 1114 3959 abest,
1134 3893 1169 3946 ut
1185 3885 1352 3968 quicquam
1368 3885 1400 3945 in
1418 3881 1605 3946 disserendo
1622 3886 1782 3952 redundet

204 4009 242 4050 ac
269 3989 457 4072 superfluat,
485 3998 520 4050 ut
549 3991 690 4051 usitatam
719 3987 802 4050 illam
831 3990 994 4072 scriptoris
1023 3987 1209 4053 brevitatem
1238 3990 1290 4053 bic
1319 4011 1447 4075 quoque
1476 3987 1620 4053 admirari
1649 3993 1780 4059 soleam.

204 4089 329 4156 Verum
358 4097 437 4156 enim
461 4096 520 4156 iam
545 4094 750 4157 Heilmaunus
773 4095 935 4179 perspexit
958 4116 1095 4172 sensum,
1124 4095 1222 4159 modo
1246 4116 1344 4160 nexus
1367 4097 1628 4185 continuatioque
1652 4109 1782 4164 senten-

204 4202 316 4264 tiarum
339 4202 513 4263 accuratius
537 4201 721 4286 explanetur
746 4210 776 4263 et
800 4210 992 4264 coarctatum
1015 4223 1051 4264 ac
1076 4201 1208 4266 densum
1231 4199 1357 4264 dicendi
1381 4222 1479 4286 genus
1505 4200 1653 4266 dilatetur
1675 4214 1705 4268 et
1729 4227 1781 4268 ex-

203 4306 346 4392 plicetur.
383 4304 521 4385 Graecis,
541 4311 642 4392 inquit
658 4307 718 4385 ille,
740 4305 784 4370 ob
800 4309 940 4391 inopiam
956 4307 1106 4393 dispersis
1127 4312 1206 4388 (tum
1223 4310 1287 4392 agri
1303 4295 1438 4384 colendi,
1463 4319 1527 4370 tum
1543 4307 1783 4379 latrociniorum

204 4410 421 4476 faciendorum
445 4420 570 4493 caussa)
594 4414 714 4477 [acilius
736 4436 796 4499 per
819 4412 930 4476 decem
953 4435 1053 4478 annos
1075 4416 1107 4476 vi
1130 4414 1320 4478 resistebant
1343 4415 1481 4492 Troiani,
1504 4416 1541 4476 iis
1566 4418 1619 4498 qui
1642 4417 1781 4485 subinde

206 4516 475 4608 relinquebantur,
499 4519 617 4583 viribus
634 4543 737 4608 pares.
785 4519 912 4605 Quodsi
929 4521 1106 4586 sufficiente
1123 4532 1307 4598 commeatu,
1329 4519 1450 4583 viribus
1467 4522 1653 4599 coniunctis,
1676 4529 1779 4591 missis

206 4623 379 4690 latrociniis
407 4637 438 4691 et
466 4627 669 4713 agricultura,
699 4631 854 4692 continuo
884 4626 1001 4691 bellum
1029 4627 1187 4714 perficere
1210 4626 1346 4704 vellent,
1374 4627 1465 4690 lacile
1487 4623 1631 4689 hostibus
1655 4636 1780 4714 proelio

207 4732 339 4803 devictis
362 4736 488 4797 Troiam
517 4732 687 4818 cepissent3
719 4737 772 4820 qui
802 4734 928 4820 quidem
951 4735 1002 4798 vel
1024 4757 1090 4799 nou
1115 4737 1275 4799 coniuncti
1298 4755 1348 4811 ea,
1377 4755 1458 4819 quae
1482 4731 1564 4794 sorte
1588 4739 1780 4823 remanebat,

208 4847 369 4932 copiarum
392 4852 481 4927 parte
504 4840 703 4907 resistebant.
749 4841 805 4906 Sin
830 4842 998 4907 obsidione
1022 4863 1089 4906 cam
1111 4841 1309 4918 clausissent,
1331 4839 1480 4927 breviore
1501 4849 1647 4924 tempore
1667 4855 1699 4909 et
1721 4852 1779 4912 mi-
