3952 5648
906 246 1065 378 ji-

194 477 394 543 historiarum
424 471 681 537 Herodotearum
707 471 851 536 notitiam
879 470 1041 548 babuisse,
1072 480 1103 534 et
1130 470 1179 534 his
1207 469 1328 548 verbis,
1360 492 1441 561 quae
1467 470 1583 536 ibidem
1612 473 1772 560 legunturz

194 582 218 672 ἢ
240 577 284 651 τά
305 575 373 676 πρό
395 576 465 648 τών
481 575 646 670 Μηδικῶν
659 576 846 668 Ἑλληνικά
869 582 1086 660 ξυνετίθεσαν
1109 579 1180 660 (int.
1197 580 1234 645 οἱ
1246 572 1312 671 πρό
1327 577 1412 662 ἐμοῦ
1425 578 1597 663 ἅπαντες),
1621 578 1642 676 ἢ
1664 575 1771 649 αὐτοὶ

194 683 243 758 τά
273 685 442 778 Μηδικά
471 684 670 749 Herodotum
701 687 871 769 praecipue
903 684 1080 770 significare
1111 684 1261 749 voluisse.
1307 684 1372 748 Sed
1405 685 1432 749 si
1465 687 1514 748 cui
1547 685 1629 751 forte
1661 690 1771 751 mirum

194 794 354 874 videatur,
383 791 470 879 quod
485 813 572 869 non,
600 793 692 853 sicuti
715 786 892 868 Hellanioi.
909 791 952 854 ita
976 794 1067 855 etiam
1092 789 1252 855 Herodoti
1275 810 1390 853 nomeu
1414 801 1467 854 aut
1490 791 1542 854 hic
1564 803 1617 855 aut
1639 815 1772 878 usquam

195 899 270 964 ahbi
295 899 425 985 legatur,
448 902 474 962 is
497 907 622 983 reputet
643 896 750 974 velim,
780 898 812 960 in
835 898 1005 961 notissimis
1030 896 1210 988 quibusque
1232 894 1411 960 hominibus
1435 899 1615 980 saepissime
1638 921 1654 959 a
1679 896 1771 963 Thu-

196 1004 315 1092 cydide
338 1006 467 1071 nomina
489 1003 594 1068 sotere
617 1003 726 1078 omitti,
750 1011 784 1064 ut
805 1003 934 1067 Phidiae
958 1003 991 1067 in
1014 1005 1180 1068 Minervae
1203 1014 1324 1066 statuae
1346 998 1505 1065 mentione
1528 1004 1597 1080 (tib.
1614 1005 1653 1080 ΙΙ,
1679 1026 1703 1070 c.
1721 1009 1770 1084 13,

195 1110 265 1196 §5,
297 1111 351 1175 ubi
379 1111 478 1175 schol.
509 1108 548 1173 ad
576 1131 686 1173 vocem
714 1100 754 1176 τό
776 1096 919 1194 άγαλμα
941 1107 1042 1173 addit:
1074 1106 1198 1203 ὅπερὸ
1227 1110 1359 1184 Φειδίας
1381 1104 1605 1199 κατεσκεύασεΙ
1621 1103 1709 1196 μετά
1728 1105 1773 1177 τά

197 1216 372 1312 Μηδικά),
400 1229 435 1280 ut
458 1217 662 1302 Hippocratis
685 1213 797 1277 medici
826 1215 899 1292 (tib.
918 1215 960 1291 ΙΙ,
984 1238 1010 1283 o.
1025 1221 1083 1293 47,
1105 1215 1192 1303 §⁴1),
1217 1218 1305 1277 ouius
1330 1236 1426 1298 opera
1450 1216 1482 1277 in
1505 1218 1772 1298 perniciosissima

194 1322 248 1387 itta
271 1324 447 1409 pestilentia
471 1321 618 1386 lenienda
642 1321 750 1383 eximia
773 1320 872 1385 fuisse
895 1320 1021 1399 dicitur,
1051 1324 1086 1384 ut
1109 1319 1240 1383 aliorum
1254 1321 1291 1399 ¹).
1317 1357 1356 1370 -
1385 1319 1536 1384 Omnium
1561 1320 1698 1405 denique
1721 1342 1769 1385 ar-

194 1441 411 1514 gumentorum
441 1427 473 1492 id
501 1427 716 1514 gravissimum
744 1437 791 1490 est
818 1426 1013 1504 habendum,
1046 1425 1133 1511 quod
1161 1429 1264 1516 quivis
1292 1447 1358 1489 non
1387 1438 1588 1511 praesumpta
1617 1429 1771 1511 opinione

195 1548 368 1621 occupatus
402 1535 485 1598 haud
513 1555 615 1620 pauca
643 1532 728 1618 apud
755 1532 975 1617 Thucydidem
1004 1529 1222 1616 deprehendet
1247 1534 1391 1616 vestigia,
1424 1532 1539 1617 quibus
1569 1533 1771 1597 Herodotum

194 1643 279 1724 tangi
301 1663 337 1703 ac
359 1642 526 1726 perstringi
550 1639 746 1703 manifestum
771 1642 824 1717 sit,
851 1638 947 1730 idque
970 1660 1011 1702 ne
1034 1648 1159 1701 veteres
1183 1637 1309 1722 quidem
1331 1638 1426 1722 fugit.
1462 1638 1541 1702 Nam
1565 1638 1653 1722 quod
1677 1638 1731 1702 lib.
1747 1636 1770 1715 Ι,

195 1768 222 1810 c.
238 1752 280 1814 22
297 1758 371 1810 extr.
389 1745 476 1809 dicit:
499 1738 611 1839 κτῆμά
625 1772 661 1812 τε
676 1745 710 1821 ἐς
724 1741 779 1812 αἐλ
793 1740 935 1830 μᾶλλον,
959 1738 1211 1831 ἢάγώνισμα
1233 1741 1274 1819 ἐς
1296 1737 1342 1810 τό
1364 1741 1621 1836 παραχρῆμα
1643 1738 1771 1811 ἀκού-

194 1878 256 1920 ειν
279 1846 462 1939 ξύγκειται,
492 1855 524 1914 in
549 1874 641 1936 quem
666 1850 792 1915 tandem
816 1854 1002 1937 scriptorem
1025 1848 1104 1913 illud
1128 1843 1301 1936 ἀγώνισμα
1324 1847 1359 1923 ἐς
1380 1843 1418 1916 τό
1441 1849 1653 1942 παραχρῆμα
1675 1851 1772 1934 magis

194 1957 330 2044 quadrat
360 1980 451 2042 quam
474 1961 505 2021 in
530 1958 750 2021 Herodotum?
795 1959 840 2021 tta
864 1961 930 2019 non
955 1955 1057 2020 sotum
1081 1955 1178 2022 schol.
1203 1947 1393 2039 ἀγώνισμα,
1424 1949 1486 2022 τόν
1508 1952 1635 2041 γλυκύν
1657 1952 1771 2043 λόγον.

194 2057 377 2132 αἰνίττεται
401 2061 438 2132 δέ
459 2060 501 2131 τά
523 2059 658 2148 padano?
678 2058 884 2155 Ἡροδότου,
909 2062 965 2125 sed
989 2065 1080 2124 etiam
1103 2058 1268 2136 Lucienus,
1293 2058 1469 2143 Quomodo
1493 2062 1563 2125 hist.
1587 2066 1627 2125 sit
1650 2084 1771 2126 consor.

193 2170 286 2254 §iffi
310 2169 355 2234 ‘O
375 2164 402 2236 δ’
426 2166 488 2237 οὖν
507 2171 719 2260 Θουκυδίδης
741 2161 781 2236 ed
801 2161 898 2254 μάλα
919 2165 1020 2235 τοῦτο
1043 2165 1272 2257 ἐνομοθέτησε
1294 2168 1351 2232 καὶ
1375 2168 1544 2260 διέκρινεν
1564 2160 1694 2262 άρετην
1716 2166 1774 2233 καλ

193 2278 320 2344 κακίαν
347 2271 600 2369 συγγραφικήν,
628 2273 736 2367 ὁρῶν
764 2271 946 2359 μάλιστα
974 2266 1296 2357 θαυμαζόμενον
1318 2267 1393 2338 τόν
1414 2269 1659 2367 Ἡρόδοτον,
1688 2268 1773 2364 άχρι

192 2385 256 2449 τού
282 2383 338 2448 καί
364 2381 508 2457 Μούσας
535 2378 710 2472 κληθῆναι
736 2376 844 2448 αὐτοῦ
872 2373 915 2447 τά
943 2380 1082 2466 βιβλία·
1110 2374 1221 2471 κτῆμά
1249 2406 1285 2446 τε
1313 2374 1380 2471 γάρ
1403 2406 1483 2473 φησι
1505 2379 1641 2467 μάλλον
1663 2379 1697 2455 ἐς
1719 2373 1773 2446 άελ

194 2485 401 2582 συγγράφειν
428 2485 511 2581 ἢπερ
539 2487 573 2561 ἐς
595 2480 635 2552 τά
659 2479 772 2576 παρόν
793 2481 994 2572 ἀγώνισμα,
1023 2484 1172 2567 idemque
1195 2484 1301 2547 ultima
1324 2483 1422 2547 verba
1446 2489 1536 2572 quasi
1560 2486 1773 2571 explicaturus

193 2592 311 2654 ibidem
334 2594 414 2654 infra
437 2595 470 2674 (ἓ
486 2598 556 2670 tili:
579 2589 620 2659 τό
643 2585 671 2658 δ’
694 2589 785 2666 ὅλον,
804 2593 920 2676 iuquit,
944 2591 1073 2658 ἐκείνου
1094 2616 1154 2674 μοι
1167 2591 1320 2683 μέμνησο
1344 2587 1523 2669 (πολλάκις
1536 2588 1577 2659 τό
1591 2587 1677 2659 αὐτό
1692 2590 1772 2683 ἐρώ)

196 2695 255 2760 καί
283 2689 468 2785 μηπρὸς
498 2688 543 2760 τό
570 2690 702 2784 παρόν
722 2691 852 2776 μόνον
873 2694 981 2783 ὁρῶν
1003 2693 1146 2785 γράφε,
1175 2693 1226 2767 ώς
1249 2693 1384 2759 οἱνύν
1407 2697 1715 2762 ἐπαινέσονταί
1731 2722 1773 2762 σε

195 2800 262 2865 καί
291 2795 533 2884 τιμήσωσιν,
564 2791 656 2862 άλλά
687 2794 749 2862 τού
778 2791 971 2880 σύμπαντος
1002 2791 1126 2872 αἰῶνος
1157 2797 1403 2881 ἐστοχασμένος
1432 2790 1517 2888 πρός
1548 2794 1628 2875 τούς
1659 2803 1773 2868 ἔπειτα

193 2901 327 2988 μάλλον
343 2896 535 2994 σύγγραφε,
557 2911 651 2985 atque
668 2899 843 2965 distinctius
868 2904 960 2966 etiam
985 2900 1101 2985 Polyb.
1121 2899 1172 2978 ΙΙΙ,
1197 2909 1221 2965 c.
1238 2908 1295 2971 31:
1319 2905 1470 2994 ἱστορίας
1491 2897 1555 2995 γάρ
1578 2898 1641 2970 ἐάν
1662 2900 1772 2999 ἀφέλη

193 3035 246 3085 τις
267 3010 325 3076 καί
348 3003 407 3075 διά
429 3009 471 3086 τί,
494 3007 552 3072 καί
574 3004 641 3081 πώς
663 3008 721 3073 καί
742 3011 835 3084 τ’ίνος
857 3005 962 3100 χάριν
982 3003 1151 3098 ἐπράχθη,
1174 3008 1231 3074 καί
1248 3002 1286 3075 τό
1299 3006 1461 3101 πραχίίέν
1475 3003 1617 3101 πότερον
1631 3005 1772 3097 εὔλογον

194 3117 271 3201 ἐσχε
285 3109 325 3181 τό
338 3113 446 3188 τέλος,
468 3106 507 3178 τό
529 3107 822 3195 καταλειπόμενον
845 3108 948 3201 αὐτῆς
970 3107 1189 3200 ἀγώνισμα
1209 3115 1301 3200 μέν,
1325 3111 1502 3205 μάίίημα
1525 3113 1568 3181 δέ
1589 3110 1633 3182 ού
1657 3120 1771 3202 γίνε-

193 3248 282 3304 ται,
307 3220 366 3286 καί
388 3219 624 3310 παραυτίκα
643 3215 716 3302 μέν
731 3217 892 3309 τέρψει,
916 3213 1000 3310 πρός
1015 3217 1053 3286 δέ
1067 3213 1107 3286 τό
1120 3220 1248 3305 μέλλον
1263 3214 1364 3286 ούδίν
1379 3215 1504 3312 ώφελεῖ
1516 3214 1554 3288 τό
1569 3218 1770 3313 παράπαν’).

195 3327 290 3412 Quae
319 3347 395 3388 vero
424 3323 510 3409 apud
532 3323 632 3386 Thur.
655 3325 683 3401 1,
705 3330 746 3393 21
771 3325 928 3408 leguntur:
961 3325 1019 3392 καί
1041 3320 1116 3392 orire
1138 3324 1183 3401 ώς
1205 3322 1340 3416 ποιηταί
1362 3322 1528 3418 ὑμνήκασι
1550 3328 1625 3418 περὶ
1647 3325 1771 3408 αὐτῶν,

194 3433 248 3500 ἐπὶ
270 3427 311 3499 τό
332 3436 449 3518 μεῖζον
471 3431 682 3514 κοσμοῦντες,
707 3428 783 3498 ούτε
806 3429 857 3506 ώς
878 3426 1132 3525 λογογράφοι
1156 3431 1399 3513 ξυνέθεοαν,
1422 3433 1472 3501 ἐπί
1496 3429 1541 3500 τό
1563 3459 1769 3526 προςαγοσ-

193 3537 369 3630 γότερον
392 3533 441 3626 τῇ
464 3532 662 3628 ἀκροάσει
684 3534 706 3628 ἢ
728 3533 1027 3629 ἀληθέστερον,
1050 3540 1192 3623 quamvis
1208 3536 1395 3601 adversante
1412 3548 1444 3601 et
1459 3553 1654 3624 repugnante
1669 3540 1769 3604 Dabl-

194 3665 311 3708 manno
336 3641 377 3726 (l.
395 3664 420 3706 c.
444 3666 475 3727 p.
492 3648 592 3724 218),
615 3643 782 3706 manifesto
805 3643 845 3705 ad
868 3643 1068 3706 Herodotum
1092 3643 1265 3729 praecipue
1288 3643 1452 3707 referenda
1476 3656 1549 3709 sunt
1572 3667 1641 3708 cum
1664 3645 1770 3726 schoh,

195 3752 252 3836 qui
274 3771 364 3813 suum
387 3743 570 3816 αἰνίττεται
590 3744 652 3816 τόν
673 3745 870 3842 Ἡρόδοτον
891 3752 963 3813 voci
987 3745 1288 3842 ,,λογογράφοι“
1311 3749 1492 3835 adsoripsit;
1520 3773 1579 3814 nec
1599 3754 1701 3814 minus
1717 3752 1770 3815 illa

195 3878 263 3941 cap.
285 3861 340 3924 Ὧι
370 3858 428 3923 καλ
455 3857 490 3930 ἐς
518 3851 583 3940 μέν
607 3850 772 3948 ἀκρόασιν
795 3860 871 3931 iiras
892 3850 932 3922 τό
952 3849 1001 3948 μή
1022 3854 1188 3939 μυδώδες
1206 3853 1319 3923 αύτών
1340 3853 1583 3950 ἀτερπέστερον
1604 3865 1770 3953 φανεῖται,

194 3963 253 4029 ubi
273 3966 390 4048 pariter
412 3959 510 4026 schol.
534 3957 637 4028 πάλιν
659 3957 745 4055 πρός
763 3956 957 4055 Ἡρόδοτον
979 3955 1162 4031 αἰνίττεται
1186 3967 1228 4026 ait
1238 3962 1269 4042 8),
1293 3985 1361 4027 cum
1385 3963 1438 4026 itta
1461 3967 1606 4044 suavitas,
1628 3966 1681 4029 vet
1704 3966 1771 4029 atti-

195 4214 198 4219 ’
266 4207 349 4278 deror,
368 4207 549 4278 γενόμενος
567 4205 671 4279 όλίγῳ
689 4213 853 4282 πρότερον
871 4209 936 4265 τών
948 4206 1128 4286 Περσικῶν
1146 4208 1231 4286 (quod
1244 4208 1275 4264 ad
1285 4207 1382 4276 Xerxis
1395 4208 1590 4286 expeditionem
1601 4213 1626 4267 in
1638 4209 1770 4266 Graeciam

266 4304 416 4371 susceptam
433 4293 599 4351 referendam
617 4299 758 4372 apparet),
782 4304 958 4367 mopsuestena
981 4299 1010 4354 δὲ
1027 4302 1105 4374 μέχρι
1123 4302 1179 4356 τοῖν
1197 4299 1470 4368 Πελοποννησιακῶν,
1495 4298 1592 4367 ibidem
1611 4319 1637 4374 p.
1654 4301 1708 4365 138,
1721 4301 1770 4356 aaz

264 4383 360 4458 Ὀλίγῳ
378 4383 408 4440 δέ
426 4384 600 4457 πρεσβύτεροι
618 4386 674 4439 τών
691 4385 962 4455 Πελοποννησιακῶν,
986 4398 1030 4445 καὶ
1054 4394 1153 4458 μέχρι
1175 4385 1235 4444 τοῦ
1258 4385 1464 4444 Θουκυδίδου
1487 4392 1770 4461 παρεκτείναντες

267 4471 424 4542 ἡλικίας,
442 4469 641 4529 Ἑλλάνικός
658 4494 694 4529 τε
712 4471 729 4528 o‘
745 4481 892 4547 Λίοβιοε
909 4485 956 4531 καλ
974 4475 1119 4547 Δαμάστης
1137 4473 1153 4532 o‘
1170 4471 1265 4549 Σιγεύς
1283 4497 1307 4530 κ.
1319 4498 1344 4531 τ.
1356 4476 1379 4532 λ.
1414 4474 1501 4533 Stura.
1518 4476 1537 4531 Ι.
1555 4494 1577 4530 o.
1596 4494 1625 4552 p.
1638 4479 1664 4532 5.

226 4565 249 4630 ¹)
266 4557 300 4616 V.
318 4547 459 4638 Poppo'P.
476 4556 519 4614 ΙΙΙ
538 4556 597 4615 Vol.
614 4557 646 4616 ΙΙ.
664 4579 690 4635 p.
702 4564 755 4617 254
776 4561 793 4616 f.
812 4581 872 4639 sqq.
978 4576 983 4589 '

223 4653 253 4721 ²)
270 4646 308 4702 lta
326 4645 450 4705 Senecam
470 4646 545 4704 Com
553 4649 731 4704 missiones
750 4669 835 4706 meras
854 4671 1013 4730 componere
1031 4651 1097 4709 dixit
1115 4648 1246 4728 Caligula,
1265 4652 1338 4709 Soet.
1357 4651 1438 4728 Calig.
1457 4673 1478 4709 c.
1495 4655 1529 4709 53
1547 4652 1637 4732 ibique
1658 4654 1770 4715 Casaub.

161 4790 164 4795 .
221 4743 250 4810 ⁸)
270 4734 400 4792 Lucienus
417 4737 450 4806 (l.
463 4757 486 4796 c.
498 4742 515 4810 §
526 4741 575 4806 42)
595 4735 628 4791 dc
645 4746 759 4815 utroque
778 4731 914 4817 scriptore,
934 4751 964 4797 ut
982 4740 1060 4798 modo
1078 4736 1200 4807 vidimus,
1219 4759 1297 4814 agens
1310 4743 1344 4796 ita
1356 4742 1454 4817 pergit:
1472 4751 1516 4797 καὶ
1534 4744 1580 4816 μή
1598 4745 1634 4801 τὸ
1651 4749 1771 4818 μυθώ-

267 4826 322 4882 δεε
339 4822 571 4896 ἀσπάζεσθαι,
588 4824 658 4882 ἀλλά
677 4828 727 4898 τήν
746 4827 880 4902 ἀλήθειαν
895 4835 953 4889 ,τῶν
970 4837 1152 4908 γεγενημίνυν
1169 4830 1330 4890 ἀπολείπειν
1346 4833 1403 4885 τοῖς
1419 4825 1545 4905 deripere.
