3952 5648
966 206 995 293 4

903 329 1057 340 ———-

192 443 326 504 iunctae.
372 438 424 500 De
453 433 562 499 eadem
592 456 627 498 re
659 432 815 498 Plutarch.
838 454 868 495 v.
892 431 1004 496 Pericl.
1035 452 1062 494 c.
1086 434 1140 500 19:
1169 424 1237 497 Ἐκ
1260 424 1287 497 δ’
1309 426 1493 516 Ἀχαίας,
1524 434 1625 526 φίλης
1652 425 1772 519 οὔσης,

192 541 398 638 στρατιώτας
413 537 603 630 οἷναλαβιδν
618 537 667 616 εἰς
681 535 742 616 τοῖς
757 536 913 633 τριήρεις,
928 539 982 607 ἐπὶ
997 534 1058 633 τήν
1073 532 1255 630 ἀντιπέρας
1269 534 1406 630 ἤπειρον
1417 537 1581 630 ἐκομίσθη
1594 535 1640 624 τῷ
1651 532 1773 622 στόλῳ,

192 652 249 718 καί
271 645 507 743 παραπλεύσας
529 644 590 715 τόν
607 643 791 736 Ἀχελῷον,
813 643 1051 739 Ἀκαρνανίαν
1074 643 1267 734 κατέδραμε
1288 644 1345 709 καὶ
1366 643 1578 711 κατέκλεισεν
1600 639 1773 720 Οίνεάδας

194 758 268 841 (leg.
293 751 459 830 Οἰνιάδας
475 776 544 816 cum
562 750 666 816 Thuc.
685 752 707 831 l,
727 759 797 822 lll.
822 752 919 828 1182
936 763 966 815 et
984 758 1062 834 102)
1086 751 1120 826 ἐς
1134 743 1173 817 ιδ
1190 755 1311 835 τεῖχος,
1332 750 1389 818 καὶ
1409 744 1521 833 τεμιδν
1543 743 1608 838 τήν
1631 748 1693 844 γῆν
1714 749 1775 815 καί

192 859 347 938 κακώσας
376 857 507 952 ᾰπῆρεν
534 854 581 926 ἐπ’
611 865 717 926 οἷκον.
764 858 919 922 Aristides
943 881 1012 922 cum
1036 861 1161 942 saepius
1189 856 1354 947 Μέγαρα,
1387 854 1556 939 Νίσαιαν,
1595 854 1774 948 Τροιζῆνα,

188 965 329 1060 Πηγάς,
351 965 502 1054 Ἀχαίαν
524 963 634 1029 eadem
651 968 782 1042 ratione,
806 986 868 1049 qua
884 963 1091 1049 Thucydides
1108 965 1130 1040 l,
1148 967 1210 1031 115
1227 972 1257 1024 et
1274 960 1329 1038 lV,
1345 966 1397 1037 21,
1421 972 1653 1038 commemoret,
1676 959 1774 1024 semel

194 1073 275 1138 adeo
304 1073 380 1140 noir
408 1070 455 1138 τό
475 1067 674 1159 Ἀχαϊκόν
703 1070 851 1146 habeth,
881 1069 969 1154 quod
997 1080 1099 1132 tamen
1122 1067 1199 1131 nihil
1222 1066 1308 1130 ahud
1330 1069 1390 1131 nisi
1413 1065 1580 1160 ῥητορική
1600 1062 1774 1160 ὑπερβολή

193 1179 329 1244 videtur.
378 1176 478 1263 Quod
503 1199 578 1241 vero
604 1177 776 1241 Goellerus
801 1176 950 1261 disputat:
988 1173 1108 1258 „Tota
1138 1172 1197 1248 (de
1221 1174 1358 1257 Achaia)
1391 1173 1546 1261 quaestio
1571 1173 1619 1238 ad
1640 1180 1774 1236 certam

195 1285 356 1352 rationem
388 1282 567 1349 deducitur
591 1305 647 1365 eo,
671 1281 763 1372 quod
782 1284 844 1360 1V,
868 1289 909 1351 21
938 1279 1097 1348 Cleonem
1121 1277 1260 1368 legimus
1284 1300 1405 1366 rogare
1427 1278 1616 1357 Nisaeum,
1647 1278 1775 1365 chas,

199 1391 376 1456 Troezena
399 1398 433 1454 et
449 1386 617 1453 Achaiam
637 1412 659 1451 α
674 1387 855 1475 Spartanis
871 1384 1075 1475 repetendas
1092 1407 1176 1450 esse.
1222 1383 1326 1472 Quod
1339 1383 1398 1474 qui
1409 1406 1514 1449 sanus
1534 1384 1638 1450 Cleon
1651 1392 1774 1471 postu-

197 1497 283 1562 laret
301 1521 324 1561 a
338 1492 534 1583 Spartanis,
550 1492 584 1558 si
595 1492 730 1563 Achaia
740 1491 921 1579 prom'ncia
937 1491 1168 1578 Peloponnesi
1178 1488 1399 1578 hrtelligenda
1415 1500 1512 1573 esset,
1528 1513 1630 1579 quam
1646 1499 1777 1554 terram

197 1601 249 1666 ita
279 1610 419 1666 constat
450 1598 588 1664 liberam
611 1598 728 1688 suique
752 1597 892 1663 arbitrii
904 1597 1035 1686 fuisse,
1064 1612 1101 1663 ut
1118 1596 1243 1684 primis
1267 1595 1348 1661 belli
1367 1596 1485 1684 Pelop.
1510 1597 1607 1661 annis
1631 1596 1664 1660 in
1683 1616 1778 1683 pacc

200 1706 337 1786 vireret,
369 1715 507 1772 neutras
534 1715 655 1792 partes
686 1703 956 1793 belligerantium
986 1705 1134 1770 secuta?
1167 1743 1211 1756 -
1243 1701 1365 1794 ltaque
1393 1702 1475 1768 mihi
1488 1724 1691 1791 persuasum
1721 1709 1779 1764 est

197 1812 366 1879 Achaiam
390 1809 509 1899 oppidi
529 1809 673 1875 alicuius
697 1809 794 1876 nohis
811 1808 975 1900 incogniti
986 1832 1107 1875 nomen
1123 1815 1228 1888 essc“,
1250 1832 1317 1874 non
1334 1811 1409 1874 satis
1424 1811 1497 1874 mihi
1513 1813 1561 1872 vir
1576 1808 1778 1873 doctissimus

197 1918 323 1984 videtur
347 1916 613 1997 animadvertisse,
637 1917 792 1983 Cleonem
815 1923 919 2005 ipsum
941 1938 1070 2003 quoque
1085 1912 1130 1978 ihi
1146 1915 1186 1978 ad
1202 1914 1285 1979 idem
1302 1927 1433 2001 tempus,
1455 1938 1522 2000 ¹quo
1537 1915 1663 2001 triginta
1678 1935 1778 1977 anno-

197 2048 265 2089 rum
288 2026 429 2090 indutiae
451 2029 534 2089 inter
557 2026 767 2088 Athenienses
792 2034 823 2088 et
840 2026 1013 2108 Spartanos
1030 2032 1136 2086 essent
1151 2020 1261 2098 iactae,
1282 2026 1469 2107 respexisse,
1492 2021 1525 2085 id
1541 2022 1628 2107 quod
1646 2044 1683 2085 ex
1698 2020 1778 2106 ipsis

198 2131 407 2217 Thucydidis,
431 2153 512 2215 quae
535 2133 689 2194 continuo
713 2140 904 2214 sequuntur,
927 2128 1035 2193 verbis
1058 2125 1182 2211 liquido
1205 2137 1304 2211 patet:
1339 2125 1364 2195 di
1386 2131 1553 2212 (Νίσαιαν
1573 2129 1631 2195 καί
1655 2122 1780 2216 Πηγοὶς

198 2239 258 2304 καὶ
278 2241 446 2333 Τροιζῆνα
466 2238 525 2304 καὶ
539 2234 703 2324 Ἀχαίαν)
727 2233 768 2304 οὐ
783 2235 918 2320 πολέμῳ
937 2237 1079 2318 ἔλαβον,
1102 2228 1192 2298 ἀλλα
1214 2227 1281 2299 οἷπό
1305 2233 1362 2328 τῆς
1384 2234 1549 2326 προτέρας
1570 2229 1781 2323 ξομβδσειος,

200 2343 369 2425 (eiusdem,
394 2348 558 2428 (μετοίσω
583 2344 606 2420 l,
624 2349 686 2412 115
710 2343 750 2406 ab
774 2343 924 2406 historico
948 2342 1039 2405 allata
1062 2348 1120 2413 est)
1149 2333 1350 2429 Ἀθηναίων
1373 2335 1667 2432 ξογχωρησᾶντων
1689 2337 1781 2407 κατοῖ

199 2445 378 2541 ξυμφοραῖς
408 2450 467 2517 καί
496 2450 532 2517 ἐν
561 2445 609 2536 τῷ
637 2444 714 2515 τότε
746 2447 920 2530 δεομένων
949 2476 981 2514 τι
1011 2447 1147 2533 μοῗλλον
1175 2445 1344 2532 σπονδῶν,
1373 2447 1514 2533 ideoque
1539 2447 1579 2511 de
1603 2448 1711 2511 eadem
1732 2445 1782 2510 ibi

198 2556 337 2620 Achaiae
359 2565 449 2639 parte
472 2554 674 2640 cogitandum
697 2576 781 2632 esse,
812 2555 900 2616 cuius
923 2553 1047 2617 incolae
1070 2557 1102 2617 in
1126 2555 1361 2617 Atheniensium
1387 2557 1527 2617 exercitu
1548 2555 1589 2637 (l,
1607 2560 1700 2631 111.)
1723 2556 1782 2616 sti-

199 2659 316 2745 pendia
341 2662 491 2725 iacerent.
516 2697 557 2710 -

332 2767 451 2826 Achaia
472 2766 568 2844 igitur
589 2768 756 2844 provincia
780 2788 850 2823 cum
874 2787 910 2824 ex
933 2765 1125 2845 Thucydide
1148 2768 1303 2836 removeri
1324 2774 1470 2846 nequeat,
1494 2765 1584 2825 aliam
1606 2767 1721 2849 Poppo
1738 2767 1783 2831 V.

202 2869 252 2936 Cl.
277 2865 465 2933 enodandae
488 2867 580 2928 huius
606 2862 802 2927 difficultatis
820 2866 974 2927 rationem
994 2864 1163 2928 ineundam
1178 2875 1272 2943 ratus,
1296 2867 1431 2930 Arcadia
1447 2866 1540 2930 etiam
1557 2865 1678 2931 Elidem
1696 2893 1784 2935 com-

201 2973 359 3061 prehendi
382 2982 498 3050 censet,
523 2972 709 3035 Pausaniam
732 2972 765 3033 in
789 2991 825 3034 ea
847 2992 883 3034 re
905 2980 1032 3034 secutus
1055 2984 1225 3036 auctorem.
1271 2971 1444 3037 Audiamus
1468 2974 1657 3059 Popponem
1679 2974 1785 3061 ipsum

203 3083 251 3161 (P.
269 3082 293 3144 1.
310 3079 385 3144 Vol.
402 3079 443 3143 11.
460 3103 491 3164 p.
510 3083 572 3146 171
586 3087 656 3162 sq.):
680 3076 731 3154 „A
749 3074 941 3166 Thucydide
956 3074 1041 3141 haec
1057 3091 1155 3144 terra
1172 3079 1441 3164 (Peloponnesus)
1457 3077 1492 3143 in
1507 3079 1650 3170 quinque
1660 3092 1784 3168 partes

203 3184 361 3250 dividitur
383 3186 473 3263 1,10,
497 3206 583 3273 quas
599 3179 779 3263 Achaiam,
801 3180 989 3247 Arcadiam
1012 3188 1114 3273 (puae
1142 3184 1244 3249 etiam
1258 3182 1391 3249 Elidem
1411 3185 1667 3274 complectitur),
1690 3189 1784 3254 Mes·

203 3290 344 3372 senium,
368 3288 558 3356 Laconiam
574 3297 608 3353 et
620 3285 815 3375 Argolidem
838 3296 929 3365 (curn
944 3285 1131 3374 Epidauro,
1158 3289 1334 3369 Troezene,
1356 3290 1510 3381 Sicyone,
1530 3289 1686 3358 Corintho
1704 3304 1782 3379 etc.)

205 3419 293 3478 esse,
318 3419 335 3460 e
356 3395 537 3462 Pausania
559 3397 600 3474 V,
618 3401 645 3473 1,
669 3400 686 3462 l
712 3391 888 3472 discimus,
917 3403 951 3458 ct
971 3417 1115 3483 quarum
1138 3395 1408 3462 Lacedaemonii
1427 3394 1515 3461 duas
1543 3398 1717 3483 tenebant,
1749 3412 1785 3467 ct

204 3502 345 3589 insuper
368 3503 471 3568 totius
491 3499 725 3590 principatum
747 3496 954 3563 habebant.“
999 3499 1064 3564 Sed
1087 3501 1206 3566 fontem
1228 3504 1339 3588 ipsum,
1363 3501 1448 3566 unde
1464 3504 1580 3590 Poppo
1597 3528 1654 3569 sua
1669 3508 1783 3588 hausit,

205 3614 231 3674 si
255 3613 325 3695 quis
349 3608 527 3695 diligentius
551 3605 801 3673 consideraverit
812 3605 847 3686 ²),
870 3604 1017 3680 dubitare
1040 3627 1106 3670 non
1128 3609 1255 3690 poterit,
1279 3611 1357 3693 quin
1372 3610 1544 3672 Pausanias
1567 3632 1634 3674 non
1656 3614 1782 3680 illorum

205 3715 299 3781 nohis
321 3718 480 3780 hominum
504 3717 699 3790 sententiam,
723 3711 781 3776 sed
804 3735 895 3775 sutem
917 3711 1014 3777 modo
1039 3711 1079 3775 de
1102 3734 1138 3775 ea
1153 3712 1305 3778 iudicium
1327 3708 1494 3808 (ἀνάγκη
1518 3715 1617 3810 σφοῖς
1639 3717 1785 3804 Apono.

205 3826 310 3908 ysir)
339 3842 521 3907 proponere
546 3821 695 3888 voluerit.
750 3819 926 3883 Pausaniae
953 3841 1030 3882 vcro
1059 3818 1177 3883 iudicio
1206 3841 1272 3884 non
1300 3831 1416 3884 temere
1443 3820 1565 3906 ubique
1591 3823 1689 3890 fidem
1713 3851 1784 3894 esse

123 3910 127 3918 ’
207 3927 382 3991 habendam
405 3932 488 3990 inter
509 3929 630 4012 peritos
654 3927 814 3988 convenit.
862 3923 944 4009 Quis
968 3935 1069 3988 autem
1093 3935 1148 4004 est,
1173 3927 1227 4009 qui
1248 3937 1351 4011 neget,
1374 3927 1474 3992 multo
1490 3927 1688 4011 probabilius
1704 3956 1784 4014 esse,

207 4034 256 4111 iis,
280 4036 334 4117 qui
358 4033 616 4118 Peloponnesum
640 4033 674 4094 in
698 4032 837 4115 quinque
859 4031 1043 4115 provincias
1067 4030 1167 4096 dividi
1189 4031 1372 4112 voluerunt,
1397 4036 1586 4098 Laconicam
1611 4059 1681 4101 curn
1702 4040 1785 4103 Mes-

208 4138 295 4205 senia
318 4142 455 4224 quintam
479 4142 576 4202 visam
600 4159 669 4202 esse
692 4141 829 4223 partem?
852 4136 954 4222 quue
977 4136 1182 4202 confirmatur
1206 4137 1441 4222 quodammodo
1465 4140 1591 4205 scholio
1608 4144 1735 4208 Veneto
1752 4157 1785 4208 et

209 4247 343 4332 Didymi
367 4244 408 4309 ad
430 4245 672 4333 Ηοιο.11.β.ν.
692 4247 769 4312 161:
792 4238 962 4336 Ἀργείην,
985 4247 1020 4326 (1.
1038 4267 1063 4308 e.
1086 4241 1245 4336 Ἑλένην)
1268 4240 1331 4334 τήν
1353 4249 1652 4341 Πελοποννησίαν·
1675 4248 1696 4340 ἦ
1716 4247 1785 4344 γαρ

237 4442 262 4507 ¹)
282 4437 302 4504 1,
321 4459 347 4514 p.
366 4440 429 4494 151:
456 4441 512 4494 eois
531 4431 710 4506 δὲἝλλησιν,
734 4430 772 4492 ὧν
792 4438 837 4493 ἐπὶ
855 4433 903 4493 coci
919 4437 1038 4508 πολέμου
1055 4444 1167 4506 κατέστη
1184 4443 1262 4507 κυρία
1286 4437 1316 4510 (ἦ
1334 4436 1389 4494 τῶν
1405 4437 1565 4510 Ἀθηναίων
1582 4441 1682 4513 πόλις),
1700 4446 1785 4502 ταῦτα

282 4527 412 4598 irrideres,
430 4533 552 4600 Μέγαρα,
573 4527 712 4597 Τροιζῆνα,
731 4527 830 4598 Πηγοὶς,
848 4522 904 4579 τοῖν
922 4526 955 4580 cd
974 4523 1111 4594 Ἀχαϊκόν.
1148 4522 1242 4603 Poppo
1261 4526 1294 4583 ad
1313 4525 1397 4584 Thus.
1416 4527 1437 4596 l,
1455 4548 1477 4585 c.
1493 4534 1551 4585 115.

237 4621 263 4688 ²)
282 4613 358 4673 Paus.
374 4615 407 4686 V,
426 4637 448 4672 c.
461 4619 486 4675 1.
504 4615 559 4670 init
580 4608 661 4668 Ὅσοι
681 4611 710 4667 δὲ
727 4610 866 4684 Ἑλλήνων
884 4615 1090 4685 Πελοποννήσου
1112 4621 1211 4672 πέντε
1233 4617 1303 4671 εἶναι
1324 4622 1422 4687 μοίρας
1444 4628 1489 4674 καὶ
1506 4617 1677 4677 cantatoris
1695 4646 1787 4694 φασιν,

283 4702 410 4776 οἶνᾰμκη
436 4705 517 4776 σφᾶς
545 4699 737 4773 ὁμολογεῖν,
766 4700 801 4757 or‘s
825 4705 854 4759 ἐν
879 4699 914 4776 τῇ
935 4700 1075 4776 Ἀρκάδων
1098 4701 1220 4760 οἰκοῦσιν
1242 4700 1346 4763 Ἠλεῖοι
1372 4715 1418 4763 καὶ
1443 4704 1589 4779 Ἀρκάδες,
1617 4708 1728 4784 δευτέρα
1756 4712 1786 4767 δὲ

282 4790 411 4864 Ἀχαιῶν,
429 4800 500 4866 τρεῖς
519 4793 547 4849 δὲ
565 4793 611 4847 inl
628 4796 738 4847 τούτοις
756 4789 789 4844 αἶ
803 4797 936 4863 Δοιριίοιν.
