3952 5648
952 246 1013 333 25

195 472 360 552 motu¹)“.
407 470 552 536 Oraculo
577 468 715 562 denique
739 469 780 535 de
796 470 881 536 Delo
906 472 1078 556 antiquitus
1102 468 1188 536 edito
1213 493 1280 538 eam
1305 472 1494 538 confirmare
1517 473 1637 541 studet:
1660 479 1756 546 xul³
1739 505 1777 547 εν

193 573 335 668 χρησμῷ
356 568 399 671 ἦν
421 578 662 671 γεγραμμενον
684 578 758 670 περὶ
779 573 884 670 αὐτῆς
906 571 1025 645 ὦδε

594 677 716 780 κινήσω
738 683 797 750 καὶ
819 679 944 774 Δῆλον,
968 679 1133 775 ἀκίνητόν
1153 710 1215 777 περ
1236 683 1369 757 ἐοῦσαν.

193 788 290 853 Unde
319 792 411 853 etiam
440 788 472 854 id
503 790 655 868 eflicitur,
683 791 783 853 hunc'
800 810 926 854 versum
953 801 983 855 et
1011 812 1092 876 quae
1115 788 1314 876 praecedunt
1336 790 1433 858 verba
1456 813 1523 857 non
1547 813 1617 858 esse
1639 794 1775 861 delenda

194 916 264 960 cum
293 894 482 983 quibusdam
507 897 601 962 MSS.
649 894 781 959 Accedit
810 894 899 981 quod
928 894 1028 960 multo
1060 897 1259 961 verisimilius
1287 907 1348 975 est,
1377 899 1576 963 Eustathium
1605 903 1659 985 qui
1688 900 1775 967 illum

193 1003 384 1067 versiculum
400 1001 440 1066 ad
457 1003 595 1088 Dionys.
612 1003 733 1086 Perieg.
750 1025 779 1066 v.
797 1007 861 1072 525
878 1001 978 1089 affert,
1002 1025 1039 1067 ex
1055 1013 1168 1067 nostro
1185 1005 1351 1090 scriptore,
1375 1025 1392 1065 a
1416 1024 1481 1088 qno
1505 1002 1550 1067 ibi
1572 1005 1665 1090 plura
1687 1029 1777 1093 aper-

193 1112 311 1173 tissime
333 1120 494 1174 mutuatus
518 1120 578 1184 est,
610 1109 766 1186 hausisse,
791 1131 884 1194 quam
907 1108 948 1172 ab
972 1092 1080 1194 aliquo
1104 1108 1237 1173 librario
1260 1107 1400 1173 eutelio
1423 1108 1524 1174 sciolo
1550 1132 1587 1174 ex
1609 1113 1775 1180 Eustathio

195 1237 266 1279 cum
283 1215 444 1280 Herodoti
460 1216 594 1300 scriptis
590 1213 792 1278 inculcatum
810 1236 889 1293 esse,
905 1237 976 1279 cnm
991 1219 1184 1300 praesertim,
1201 1214 1288 1302 quod
1305 1214 1465 1279 verissime
1480 1219 1604 1280 monuit
1620 1218 1777 1307 Schweig-

194 1323 382 1402 lraeuserus,
412 1320 538 1387 oracula
566 1323 742 1384 immiscere
771 1320 864 1386 valde
892 1322 1062 1386 historicus
1091 1322 1145 1388 ille
1173 1332 1264 1386 emet.
1310 1321 1356 1384 lta
1384 1320 1555 1386 Pindarum
1585 1326 1691 1405 etiam,
1721 1331 1777 1413 qui

194 1427 279 1492 haud
303 1427 400 1493 dubie
422 1427 462 1491 de
484 1429 666 1516 recentiore
690 1437 833 1514 ternpore
856 1450 964 1515 agens,
993 1428 1111 1493 Delum
1134 1439 1199 1493 tum
1224 1449 1355 1514 quoquc
1377 1424 1510 1516 χθονός
1531 1428 1664 1521 εὐρείας
1686 1428 1777 1500 ἀκί-

196 1559 323 1627 νητον
351 1533 452 1628 τέρας
477 1533 675 1619 appellnt),
703 1542 739 1596 ut
760 1534 944 1621 Thucydidi
967 1539 1231 1615 consentientem,
1260 1539 1303 1599 ita
1325 1557 1367 1599 ne
1389 1533 1430 1597 ab
1454 1533 1626 1600 Herodoto
1650 1537 1778 1622 quidem

194 1636 431 1705 dissentientem
453 1639 650 1704 habebimus.

326 1745 391 1809 Sed
421 1767 485 1809 una
513 1744 617 1810 adhuc
645 1757 791 1831 superest
821 1748 981 1833 quaestio,
1013 1770 1114 1833 eaque
1144 1749 1284 1812 omnium
1311 1748 1338 1810 si
1362 1746 1440 1830 quid
1463 1745 1560 1811 video
1584 1747 1778 1830 difficillima,

111 1869 114 1876 ’
195 1873 289 1935 quac.
306 1850 391 1914 haud
420 1854 486 1916 scio
518 1875 558 1916 ari
586 1851 627 1916 ad
655 1851 808 1944 liquidum
833 1854 1078 1941 confessumque
1101 1853 1237 1940 perduci
1260 1862 1412 1937 nequeat,
1443 1874 1510 1917 eam
1534 1850 1619 1931 dico,
1649 1857 1778 1939 quando

193 1958 274 2020 haec
296 1960 458 2042 scripserit
481 1958 677 2023 Herodotus.
724 1960 771 2022 Ex
794 1959 841 2023 his
865 1972 952 2025 certe
975 1961 1082 2025 verbis
1105 1961 1164 2028 καὶ
1186 1957 1304 2052 πρῶτα
1325 1959 1385 2025 καὶ
1406 1958 1540 2027 ὕστατα
1566 1959 1670 2054 μέχρι
1697 1960 1780 2048 ἐμεῦ

170 2135 173 2141 ,
194 2067 367 2132 σεισθεῖσα
390 2064 467 2128 nihil
490 2066 595 2152 colligi
619 2065 659 2130 de
680 2075 823 2151 tempore
837 2077 955 2151 potest,
978 2090 1074 2153 quum
1089 2065 1169 2131 illud
1184 2066 1287 2157 μέχρι
1301 2063 1392 2149 ἐμεῦ,
1414 2075 1480 2129 tota
1495 2087 1598 2151 paene
1613 2068 1780 2152 scriptoris

194 2173 258 2232 vita
281 2169 485 2234 conficiendo
509 2175 601 2258 operi
622 2176 773 2257 impensa,
796 2194 854 2258 per
880 2193 915 2234 se
938 2171 1033 2236 valde
1057 2171 1235 2257 ambiguum
1258 2182 1354 2256 atque
1376 2174 1530 2236 incertum
1545 2173 1594 2249 sit,
1616 2175 1678 2236 nisi
1697 2173 1781 2239 forte

196 2285 308 2339 etoto
332 2275 503 2340 verborum
532 2299 615 2341 nexu
644 2280 828 2342 coniectura
857 2278 979 2363 aliquid
1008 2280 1134 2362 assequi
1162 2277 1266 2342 liceat
1313 2278 1421 2362 Quum
1449 2279 1544 2363 igitur
1572 2277 1694 2341 futuras
1723 2278 1779 2345 illo

101 2448 104 2454 ,
193 2380 340 2466 prodigio
365 2381 565 2447 Graecorum
594 2383 785 2446 calamitates
813 2382 965 2468 portendi
994 2382 1117 2457 dixerit,
1149 2383 1225 2446 haec
1247 2382 1349 2447 addit.
1380 2385 1433 2452 ἐστὶ
1456 2382 1522 2477 γαρ
1546 2386 1697 2477 Δαρείου
1718 2413 1781 2454 του

191 2486 402 2566 Υστάοαεος,
425 2490 485 2556 και
507 2487 641 2620 Ξέρξεω
663 2516 724 2558 του
711 2487 932 2614 UAuperov,
934 2491 994 2557 καὶ
1008 2487 1238 2582 Ἀρταξέρξεω
1261 2490 1324 2558 τοῦ
1340 2491 1481 2584 Ξερξεω,
1504 2489 1610 2582 τριῶν
1632 2492 1782 2560 τουτέων

194 2592 308 2684 ἐπεξῆς
329 2595 522 2678 γενεέων,
504 2594 638 2680 εγένετο
661 2595 752 2664 τελέω
773 2591 866 2664 κακοὶ
888 2595 932 2688 τῇ
949 2591 1136 2664 Ἑλλάδι
1115 2624 1136 2687 η
1159 2596 1264 2664 e'rrl’
1235 2602 1338 2662 εύιοσι
1360 2591 1470 2672 ἄλλας
1492 2589 1610 2683 γενεας
1632 2593 1693 2675 τοὶς
1715 2594 1781 2692 apd

197 2699 346 2816 Δαρείου
374 2697 571 2784 γενομένας.
608 2699 753 2783 Quodsi
780 2700 842 2761 illis
870 2700 979 2762 verbis
1009 2698 1130 2790 (τριῶν
1156 2701 1305 2766 τουτέων
1331 2699 1448 2793 ἐπεξῆς
1474 2701 1636 2784 γενεέων)
1664 2701 1781 2766 adduci

196 2804 367 2887 possimus,
398 2814 432 2864 ut
456 2825 526 2864 cum
549 2801 775 2864 Dahlmanno³
774 2808 788 2884 )
813 2811 887 2886 post
910 2804 1089 2867 Artaxerxis
1111 2812 1243 2866 mortem
1267 2803 1345 2865 haec
1367 2802 1479 2867 litteris
1503 2805 1687 2888 consignata
1710 2829 1779 2874 esse

195 2907 374 2985 credamus,
404 2909 466 2971 iam
494 2909 527 2970 in
554 2905 692 2971 medium
722 2906 840 2971 hellum
864 2907 1173 2994 Peloponnesiacum
1196 2905 1387 2971 devehimur.
1432 2909 1463 2972 ls
1487 2911 1569 2972 enim
1592 2911 1780 2978 Artaxerxes

194 3016 307 3079 Xerxis
341 3011 439 3090 filius,
475 3015 526 3076 cui
553 3013 748 3098 Longimano
776 3033 954 3098 cognomen
980 3010 1113 3076 inditum
1141 3021 1200 3090 est,
1235 3033 1321 3077 anno
1350 3011 1474 3077 demum
1505 3024 1618 3099 quarto
1646 3015 1779 3105 Olymp.

195 3120 392 3186 LXXXVIII
418 3121 501 3201 (sive
524 3140 551 3182 a.
567 3123 633 3188 425
656 3140 683 3182 a.
701 3117 778 3184 Chr.
794 3124 841 3199 n.)
865 3117 947 3181 diem
970 3117 1049 3182 obiit
1072 3139 1263 3204 supremum.
1304 3118 1397 3202 Quae
1417 3118 1545 3203 quidem
1560 3123 1671 3207 opinio
1686 3125 1781 3190 etiam

194 3229 290 3313 magis
313 3226 365 3304 iis,
394 3247 477 3310 quae
499 3226 603 3288 statim
626 3223 714 3311 apud
737 3222 939 3289 Herodotum
963 3234 1149 3310 sequuntur,
1173 3223 1354 3288 confirmari
1376 3223 1515 3290 videtur:
1540 3221 1586 3293 τοῖ
1604 3229 1685 3312 μέν,
1708 3225 1781 3300 οἷαι)

194 3334 263 3402 ταῖν
288 3332 449 3424 Περσέων
478 3325 566 3420 αὐτῇ
587 3325 770 3419 γενόμενα,
796 3328 841 3399 τα
864 3330 912 3410 δέ,
934 3325 987 3398 ἀπ’
1011 3327 1144 3399 αὐτέων
1163 3328 1231 3399 actv
1252 3335 1467 3424 κορυφαίων,
1496 3332 1569 3423 περὶ
1590 3331 1649 3425 τῆς
1671 3328 1780 3430 ἀρχῆς

195 3432 455 3527 πολεμεόντων,
484 3460 556 3501 cum
578 3436 711 3502 alterum
733 3438 874 3522 inprimis
898 3436 1073 3502 membrum
1102 3433 1164 3517 (rol
1186 3436 1238 3520 δέ,
1265 3475 1305 3488 -
1332 3432 1589 3524 πολεμεόντων)
1621 3459 1689 3505 non
1716 3451 1780 3507 tam

198 3543 436 3612 accommodate
458 3542 499 3607 ad
522 3542 586 3607 ulla
608 3542 668 3607 alia
691 3564 785 3628 quam
807 3541 848 3606 ad
871 3541 949 3608 belli
964 3542 1231 3628 Peloponnesiaci
1244 3553 1390 3628 tempora
1404 3543 1567 3623 referatur,
1590 3544 1706 3629 quibus
1720 3551 1782 3613 viri

196 3655 438 3718 Atheniensium
460 3652 598 3736 primarii
621 3648 661 3714 de
684 3650 865 3734 principatu
886 3651 970 3713 inter
992 3670 1026 3712 se
1050 3660 1205 3713 certantes
1229 3671 1347 3713 summa
1370 3652 1490 3734 patriae
1504 3649 1674 3715 inflixerint
1688 3652 1778 3720 mala.

197 3765 240 3826 At
268 3781 345 3824 vero
374 3780 415 3823 ne
443 3766 518 3842 post
543 3755 631 3820 illum
654 3754 778 3820 demum
802 3777 895 3840 quem
917 3754 1015 3819 modo
1039 3754 1106 3820 dixi
1126 3752 1243 3821 annum
1267 3756 1344 3819 haec
1367 3759 1484 3841 scripta
1508 3778 1577 3821 csse
1600 3756 1779 3841 credantur,

196 3867 230 3933 id
252 3864 482 3952 impedimento
506 3872 565 3941 cst,
594 3861 683 3950 quod
704 3858 832 3929 ὕστατα
853 3863 957 3958 μέχρι
978 3859 1060 3949 ἐμεῦ
1082 3865 1254 3930 σεισθεῖσα
1276 3861 1392 3926 dicitur
1413 3861 1530 3941 insula,
1553 3884 1625 3927 cum
1647 3852 1780 3932 alterum

198 3986 303 4040 terrae
330 3982 449 4036 motum
476 3967 585 4055 paullo
608 3979 681 4033 ante
704 3968 1012 4053 Peloponnesiacum
1032 3967 1152 4032 bellum
1175 3969 1251 4033 Deli
1273 3969 1389 4033 iactum
1413 3988 1495 4046 esse,
1525 3990 1562 4032 ex
1585 3970 1779 4058 Thucydide

197 4079 398 4168 cognoveris.
450 4077 507 4141 Sin
536 4084 641 4138 autem
673 4076 855 4161 posteriore
889 4078 1004 4140 iterum
1038 4084 1183 4162 tempore
1217 4076 1302 4139 hunc
1331 4075 1435 4141 locum
1463 4075 1503 4138 ab
1530 4075 1702 4143 Herodoto
1729 4097 1778 4144 re

197 4195 372 4262 tractatum,
396 4193 491 4268 atque
509 4181 589 4245 haec
604 4179 645 4245 de
660 4179 761 4245 trihus
778 4179 932 4245 aetatibus
948 4182 1033 4245 curis
1048 4191 1168 4244 tentum
1183 4178 1417 4265 posterioribus
1432 4181 1550 4245 inserta
1566 4203 1637 4248 esse
1650 4193 1777 4264 statuas,

199 4316 263 4380 quo
286 4303 431 4376 tempore
455 4311 551 4374 quum
573 4290 634 4351 iam
656 4289 807 4352 remotius
830 4287 999 4352 aGraecia
1021 4286 1158 4373 degeret,
1180 4287 1259 4351 nihil
1282 4287 1322 4350 de
1346 4285 1446 4350 altero
1469 4296 1559 4352 motu
1579 4293 1777 4374 compererit,

200 4411 266 4463 tum
292 4418 367 4462 sanc
394 4393 519 4481 culpam
546 4415 614 4459 non
636 4395 738 4458 minus
759 4403 884 4479 turpem
907 4395 940 4457 in
964 4414 1034 4457 eum
1058 4393 1219 4471 conferes,
1248 4414 1344 4477 quum
1367 4390 1447 4455 illud
1469 4395 1572 4486 μέχρι
1592 4394 1688 4483 ἐμεῦ,
1716 4399 1778 4462 nisi

226 4578 254 4644 ¹)
272 4571 318 4644 Sic
334 4570 381 4627 lih.
399 4568 444 4626 lll.
462 4589 485 4624 c.
502 4546 554 4626 ³33
576 4569 606 4625 ot
623 4569 673 4626 νύν
689 4590 732 4625 τοι
753 4567 864 4626 ἀεικὲς
886 4565 978 4624 οέδέν
1000 4561 1054 4638 ἤν,
1076 4567 1123 4624 τοῦ
1141 4566 1265 4638 σώματος
1288 4563 1384 4623 νοῦσον
1401 4568 1520 4643 μεγάλην
1537 4573 1687 4642 νοσέοντος,
1709 4573 1778 4645 μηδὲ

269 4659 315 4716 τοὶς
336 4666 431 4733 φρένας
448 4659 587 4733 ὑγιαίνειν.

226 4755 252 4821 ²)
271 4746 371 4822 Fragm.
389 4751 415 4802 2.
433 4747 495 4806 edit.
513 4745 599 4824 llayn.
636 4745 737 4817 naga.
755 4743 830 4802 Pind.
849 4743 960 4805 Prosod.
981 4749 1004 4802 l.
1023 4743 1055 4804 Τ.
1074 4749 1100 4802 3.
1118 4765 1145 4820 p.
1163 4746 1223 4802 587.
1242 4741 1284 4800 ed.
1303 4742 1416 4802 Boeclrh.

224 4837 437 4912 Qlcpss.
1495 4852 1496 4857 ’
