3952 5648
932 230 1084 364 ος-

218 465 280 530 tiae
292 463 326 542 ¹),
349 458 532 524 affinitatem
554 478 661 522 secum
685 457 885 521 coniunxisse
908 454 1090 530 videantur;
1112 465 1147 520 ut
1170 456 1404 541 posterioribus
1426 468 1513 522 certe
1534 457 1732 547 temporibus
1748 456 1801 523 vix

218 571 381 660 quisquam
400 565 534 650 reperiri
555 571 660 647 queat,
679 564 733 649 qui
755 559 838 625 duos
859 560 951 625 simul
966 583 1056 649 reges
1072 565 1264 648 cognatione
1279 584 1472 650 magnopere
1487 567 1629 651 attigerit.
1665 563 1800 630 Accedit

217 673 296 738 illud
325 691 471 762 quoque,
500 667 588 753 quod
616 670 677 733 nisi
707 666 780 754 plus
806 671 839 731 iu
861 668 995 733 consilio
1017 669 1149 734 honoris
1173 690 1210 731 ac
1232 670 1397 753 potentiae
1419 669 1544 756 regibus
1567 693 1661 761 quam
1684 674 1798 736 ceteris

217 776 418 845 senatoribus
441 775 565 852 luisset,
593 776 696 838 minus
720 773 797 838 haec
819 783 892 860 apte
913 768 958 843 τό
979 772 1047 843 τῶν
1068 771 1246 869 βασιλήων
1267 775 1370 870 γέρεα
1393 773 1456 840 dici
1478 776 1671 842 viderentur.
1716 778 1798 842 Nam

214 886 329 971 reliqui
352 890 437 946 certe
460 883 514 965 qui
536 878 654 945 ibidem
678 890 903 946 enumerantur
932 886 978 964 (c.
995 885 1038 952 56
1061 891 1092 945 et
1113 887 1176 962 57)
1204 904 1313 968 regum
1336 881 1475 947 honores
1500 882 1658 976 (γέρεα),
1687 904 1797 949 omnes

215 992 283 1057 fere
311 989 372 1053 illis
401 987 477 1051 solis
505 989 629 1073 proprii
657 997 739 1052 suut.
791 985 828 1050 ld
856 997 959 1053 tamen
988 999 1204 1074 argumentum
1232 1010 1299 1054 non
1326 990 1417 1052 nimis
1447 989 1622 1074 urgendum
1650 989 1797 1054 arbitror.

218 1095 345 1183 Quodsi
373 1116 410 1159 ex
431 1093 480 1156 his
504 1115 586 1178 quae
610 1092 768 1180 disputata
791 1105 865 1158 suut
890 1091 973 1158 duos
996 1104 1160 1158 senatores
1184 1092 1320 1158 duorum
1344 1116 1465 1179 regum,
1496 1116 1566 1159 cum
1589 1096 1619 1158 bi
1642 1090 1797 1174 abessent,

215 1224 346 1268 munere
376 1203 409 1264 iu
433 1198 589 1285 suffragiis
611 1199 754 1264 ferendis
777 1200 905 1264 luuctos
929 1221 1012 1277 esse,
1039 1202 1114 1263 satis
1137 1209 1279 1285 apparet,
1309 1199 1472 1264 durissima
1496 1222 1574 1266 sane
1598 1211 1658 1280 est,
1686 1222 1724 1265 ac
1747 1204 1800 1265 vix

214 1308 347 1376 ferenda
370 1329 407 1372 ea
429 1308 664 1394 interpretatio,
688 1329 751 1391 qua
773 1309 881 1393 priora
903 1304 1003 1371 verba
1026 1300 1107 1388 (δύο
1127 1301 1266 1400 ψήφους
1287 1307 1511 1393 τιθεμένους)
1535 1306 1576 1372 de
1598 1305 1724 1372 duobus
1748 1329 1800 1371 se·

214 1414 380 1483 natoribus
404 1414 596 1491 coniunctis,
626 1416 806 1496 posteriora
838 1415 973 1506 (τρίτην
995 1412 1046 1490 δέ,
1074 1407 1138 1506 τήν
1160 1407 1314 1496 ἑαυτιόν)
1347 1411 1387 1478 de
1409 1413 1521 1478 iisdem
1544 1413 1674 1500 singulis
1695 1417 1800 1500 accipi

216 1521 362 1588 debeant.
407 1522 450 1585 At
471 1530 558 1584 tanta
581 1518 779 1605 simplicitate
800 1529 952 1604 tantaque
974 1521 1199 1604 perspicuitate
1222 1518 1319 1583 altera
1342 1540 1377 1584 se
1400 1518 1599 1584 commendat
1621 1519 1800 1607 explicatio,

217 1650 280 1718 qua
302 1639 438 1713 uterque
461 1637 642 1691 senatorum
664 1635 730 1690 tres
752 1625 903 1705 calculos,
926 1624 1007 1690 duos
1030 1625 1114 1711 regis
1130 1628 1268 1703 nomine,
1290 1627 1416 1690 tertium
1433 1645 1492 1688 suo
1509 1627 1608 1710 ipsius
1623 1624 1800 1692 contulisse

217 1734 349 1813 dicatur,
371 1745 407 1797 ut
430 1731 470 1796 ad
486 1730 647 1797 Herodoti
669 1730 830 1796 scribendi
853 1753 951 1818 genus
973 1731 1050 1795 nihil
1073 1730 1340 1797 accommodatius
1362 1731 1464 1797 videri
1488 1741 1591 1816 queat.
1635 1732 1683 1795 lta
1706 1734 1798 1797 etiam

217 1840 255 1907 C.
273 1841 314 1906 Ο.
330 1837 508 1904 Muellerus
530 1841 675 1902 usitatam
698 1859 757 1923 per
775 1836 943 1902 Graeciam
967 1840 1151 1923 opinionem
1175 1836 1216 1902 de
1239 1837 1323 1902 binis
1347 1841 1513 1924 utriusque
1537 1839 1619 1922 regis
1642 1837 1800 1923 suffragiis

216 1957 359 2010 secutum
376 1967 445 2010 esse
460 1943 662 2009 Herodotum
678 1943 805 2008 iudicat.
852 1941 940 2007 ldem
963 1953 1067 2008 tamen
1091 1947 1139 2008 vir
1162 1943 1277 2009 doctus
1292 1943 1492 2023 Dahlmauni‚
1515 1953 1550 2007 ut
1572 1946 1633 2007 iam
1654 1943 1800 2022 vidimus,

216 2055 391 2116 sententiae
414 2049 568 2129 addictus,
591 2071 659 2115 non
682 2060 793 2115 contra
809 2047 1021 2127 Herodotum,
1044 2047 1229 2135 sedpotius
1246 2060 1358 2114 contra
1373 2049 1572 2115 Hellanicum
1597 2053 1800 2142 (quamquam

217 2155 294 2243 quid
316 2159 343 2219 is
368 2156 407 2221 de
430 2157 489 2221 hac
510 2178 546 2220 re
569 2157 713 2234 senserit,
735 2177 868 2240 prorsus
890 2154 986 2220 nobis
1008 2157 1149 2240 ignotum
1173 2160 1235 2236 est)
1259 2156 1485 2242 aThucydide
1506 2155 1660 2242 disputari
1682 2156 1799 2239 vult2).

216 2264 287 2326 Hac
308 2285 386 2329 vero
408 2266 442 2327 in
466 2264 686 2328 controversia
708 2272 850 2326 veterum
872 2262 1095 2326 historicorum
1118 2261 1199 2324 illud
1221 2260 1274 2326 vel
1296 2265 1426 2327 maxime
1448 2265 1560 2326 mirum
1582 2262 1677 2327 nobis
1699 2262 1802 2327 videri

216 2367 321 2448 debet,
345 2369 433 2459 quod
456 2371 548 2433 etiam
563 2370 751 2455 posterioris
768 2370 877 2432 aetatis
893 2368 1078 2453 scriptorem
1093 2369 1276 2447 Luciauum,
1299 2380 1434 2459 eumque
1449 2390 1554 2433 rerum
1569 2392 1587 2434 a
1603 2367 1801 2455 Thucydide

217 2478 437 2561 expositarum,
461 2475 633 2561 quodiam
656 2497 694 2538 ex
716 2473 935 2560 superioribus
957 2477 1032 2539 satis
1055 2475 1246 2560 intelligitur,
1269 2477 1501 2560 peritissimum,
1524 2477 1713 2540 contrariam
1736 2498 1802 2539 am·

216 2578 341 2664 plexum
365 2583 551 2645 sententiam
576 2578 850 2666 deprehendimus,
873 2578 1058 2645 Harmouid.
1082 2579 1138 2664 §3
1162 2582 1213 2660 (T.
1231 2581 1289 2657 IV,
1313 2578 1362 2642 ed.
1378 2581 1450 2665 Bip.
1468 2604 1499 2665 p.
1518 2586 1610 2661 142);
1633 2585 1671 2648 οἱ
1680 2580 1745 2667 μέν
1761 2609 1802 2670 γε

215 2684 282 2751 τιόν
303 2684 588 2770 Λακεδαιμονίων
609 2689 780 2773 βασιλεῖς,
810 2686 878 2753 τῶν
900 2681 1017 2752 ἄλλων
1038 2680 1183 2752 ἑκάστου
1203 2691 1290 2770 μίαν
1312 2683 1431 2780 ψῆφον
1457 2682 1646 2780 φερόντων,
1673 2688 1804 2756 ἐκεῖνοι

216 2787 317 2874 μόνοι
338 2786 497 2880 ἑκάτερος
518 2786 632 2854 αὐτῶν
654 2785 715 2855 δόο
737 2794 875 2883 ἔφερον.
925 2790 1017 2872 Quae
1041 2811 1110 2853 curn
1133 2793 1176 2852 ita
1199 2792 1271 2866 sint,
1294 2792 1354 2852 iam
1378 2789 1497 2857 dudum
1522 2816 1558 2856 ea
1582 2792 1715 2859 tenebar
1729 2798 1804 2880 opi-

216 2895 328 2972 nione,
357 2902 393 2957 ut
421 2895 551 2956 omnino
582 2901 653 2956 toto
679 2894 741 2957 hoc
769 2895 871 2976 capite
895 2891 1117 2978 Thucydidem
1140 2914 1208 2958 non
1230 2905 1292 2957 tam
1314 2915 1365 2957 res
1387 2896 1487 2979 ipsas,
1519 2919 1641 2981 quasa
1666 2899 1805 2966 Graecis

215 3000 387 3064 memoriae
410 2997 544 3062 traditae
566 3006 653 3075 sunt,
682 2999 830 3076 reficere,
861 3020 952 3083 quam
975 3001 1129 3063 rationem
1153 2998 1264 3076 solam,
1300 3022 1361 3084 qua
1385 3001 1618 3083 referebantur,
1642 3016 1804 3093 tamquam

216 3109 319 3170 minus
343 3115 519 3169 accuratam
541 3126 715 3188 parumque
737 3103 816 3168 fidei
838 3105 1007 3169 historicae
1022 3107 1273 3181 convenientem,
1296 3108 1535 3192 reprehendere
1551 3112 1691 3177 voluisse
1706 3125 1804 3200 puta-

217 3232 295 3286 rem;
319 3209 406 3295 quod
430 3233 500 3275 cum
524 3232 564 3274 ex
586 3208 691 3275 verbis
714 3204 779 3276 οὐκ
800 3205 938 3302 ὀρθῶς
960 3214 1091 3278 ornarat
1113 3208 1350 3296 quodammodo
1374 3219 1575 3300 perspicitur,
1599 3218 1715 3306 quibus
1737 3221 1806 3287 hoc

217 3328 338 3382 tautum
365 3317 537 3403 significari
564 3314 703 3392 videtur,
731 3336 773 3380 ue
802 3326 925 3380 ceteros
953 3313 1080 3399 quidem
1104 3315 1249 3381 Graecos
1278 3316 1318 3381 de
1345 3319 1450 3383 multis
1474 3322 1542 3386 aliis
1564 3323 1661 3389 rebus
1685 3330 1805 3393 acriter

218 3446 256 3488 ac
278 3421 435 3487 subtiliter
457 3421 613 3488 iudicasse
636 3421 718 3500 (ise.
741 3415 806 3488 οὐκ
829 3418 1008 3514 ἀκριβοῦς
1029 3425 1192 3502 οἴονται),
1216 3432 1281 3485 tum
1306 3446 1342 3486 ex
1364 3424 1403 3487 iis
1427 3430 1574 3507 maxime,
1598 3453 1680 3515 quae
1702 3433 1804 3520 vulgo

216 3531 455 3596 Atheniensium
482 3527 526 3593 ob
554 3526 662 3590 falsam
686 3526 726 3591 de
749 3538 887 3612 tyranno
910 3527 1076 3592 interfecto
1101 3528 1288 3613 Hipparcho
1313 3533 1496 3595 sententiam
1520 3535 1752 3620 exprobrantur
1763 3541 1804 3626 ³).

219 3639 267 3702 Ita
294 3639 388 3723 igitur
414 3645 526 3699 nostro
555 3655 686 3720 quoque
714 3633 791 3698 loco
820 3633 1076 3698 verisimillimum
1105 3634 1178 3697 mihi
1201 3634 1381 3714 videbatur,
1411 3637 1524 3703 eodem
1548 3641 1613 3706 lere
1635 3643 1735 3710 modo
1759 3647 1804 3715 de

219 3743 354 3822 duobus,
378 3762 461 3827 quos
484 3751 619 3831 uterque
633 3741 861 3826 Spartanorum
884 3762 939 3804 rex
960 3739 994 3804 in
1018 3749 1129 3805 senatu
1152 3741 1294 3806 attulisse
1319 3742 1493 3823 dicebatur,
1516 3747 1645 3812 calculis
1660 3755 1803 3820 sentien-

219 3848 293 3914 dum
324 3871 402 3914 esso.
458 3849 612 3913 Nimirum
645 3868 757 3910 revera
788 3845 917 3930 quidem
949 3846 1089 3932 singulos
1121 3848 1338 3914 tantummodo
1371 3850 1503 3937 singulis
1536 3854 1666 3940 regibus
1698 3858 1802 3926 luisse

243 4029 267 4096 ¹)
286 4020 383 4079 Herod.
401 4021 447 4079 lih.
461 4020 507 4078 Vl.
525 4042 546 4079 c.
565 4025 599 4076 52
618 4029 698 4078 extu:
725 4027 832 4077 τούτους
849 4018 1020 4094 (Εόρυοθένη
1036 4032 1080 4078 καὶ
1098 4022 1239 4096 Προκλέα)
1258 4021 1462 4096 ἀνδρωθέντας,
1482 4025 1577 4083 adrosis
1594 4051 1632 4097 τε,
1652 4028 1802 4106 α’όελφιοιὶς

287 4109 393 4178 ἐόντας,
416 4112 518 4183 λέγουσι
541 4109 689 4182 διαφόρους
707 4109 776 4163 εἶναι
793 4107 841 4164 τόν
857 4109 948 4166 πόντοι
965 4110 1064 4185 χρόνον
1088 4111 1133 4181 τῆς
1151 4111 1212 4182 ζοῆς
1232 4109 1384 4182 οἶλλήλοιοι,
1408 4123 1454 4170 κοιλ
1477 4115 1642 4200 τοόςμῖττό
1666 4120 1800 4179 τούτων

287 4206 489 4275 γενομένους
513 4197 665 4256 ὦσαότοις
687 4199 888 4256 διατελέειν.
908 4198 998 4274 ibique
1016 4199 1134 4258 Wessel.
1170 4199 1258 4277 Atque
1276 4201 1304 4257 id
1321 4203 1408 4279 ipsum
1425 4204 1453 4258 in
1470 4203 1615 4262 retinendis
1634 4205 1739 4266 duobus
1755 4229 1800 4267 re·

287 4290 364 4366 gibus
386 4287 465 4342 etiam
486 4285 575 4362 legum
592 4284 857 4345 Lacedaemoniarum
881 4297 971 4345 auctor
988 4284 1126 4364 Lycurgus
1149 4287 1218 4346 haud
1236 4289 1316 4346 dubie
1333 4301 1468 4369 spectasse
1484 4291 1646 4355 iudicandus.
1681 4296 1752 4356 Plut.
1771 4321 1799 4360 v.

286 4381 366 4454 Ages.
384 4399 411 4456 p.
429 4378 481 4432 598
500 4394 521 4434 o.
541 4375 582 4434 ed.
596 4375 718 4434 Wcohel.
743 4381 830 4435 ἔοικεν
848 4377 864 4434 ό
879 4379 1040 4435 Λακωνικός
1058 4384 1211 4450 νομοθέτης
1228 4378 1386 4453 ὑπέκκαυμα
1406 4382 1457 4452 τῆς
1474 4379 1573 4458 α’ρετῆς
1593 4384 1743 4459 ἐμβάλλειν
1760 4388 1801 4448 οἷς
1914 4378 1916 4385 ,

287 4470 336 4538 τήν
358 4466 498 4523 πολιτείαν
520 4465 553 4520 τό
577 4466 720 4540 φιλότιμον
743 4475 787 4523 καλ
810 4468 978 4540 φιλόνεικον,
1003 4464 1048 4523 cisi
1066 4490 1131 4524 τινα
1153 4475 1208 4526 τοῖς
1231 4467 1350 4543 οἷγαθοῒς
1368 4469 1506 4546 διοφοροῖν
1523 4482 1569 4529 καλ
1587 4470 1704 4546 ἅμιλλαν
1724 4479 1798 4537 εἶναι

288 4558 355 4629 πρός
373 4553 499 4623 οἷλλὴλους
516 4553 687 4626 βουλόμενος.

243 4647 269 4710 ²)
287 4641 305 4699 l.
325 4661 347 4696 c.
366 4640 397 4697 Τ.
415 4642 448 4700 lt
466 4663 493 4719 p.
511 4645 572 4712 loa,
590 4652 644 4702 not.
656 4647 681 4703 3.

242 4736 271 4805 ὅ)
289 4729 334 4788 Vl.
353 4750 375 4788 o.
388 4733 434 4785 54:
458 4730 593 4806 circopetici
610 4729 673 4788 οὔτε
691 4731 752 4789 τούς
768 4732 861 4793 ἅλλους
878 4735 937 4793 οὕτε
956 4733 1050 4792 abab
1069 4734 1230 4806 Ἀθηναίους
1247 4747 1311 4813 περὶ
1329 4734 1384 4794 τοῖν
1404 4745 1541 4814 σφετέρων
1558 4743 1716 4816 τυράννοιν,
1733 4743 1794 4802 οιῗδὲ

287 4829 349 4894 περὶ
366 4818 416 4877 τοῦ
431 4829 582 4894 γενομένου,
601 4821 739 4897 depastis
756 4821 830 4879 oridia
847 4826 978 4897 λέγοντας.
