3952 5648
898 245 1052 376 gra-

187 485 283 549 Attici
306 478 503 556 incolebant,
532 480 575 541 ita
600 477 829 563 Spartanorum
851 475 943 537 etiam
965 474 1084 567 φυλαί,
1113 494 1194 557 quac
1217 494 1349 538 numero
1373 483 1437 537 tres
1459 475 1597 556 eraut¹),
1624 486 1656 538 et
1677 469 1774 564 ώβαὶ

190 575 313 657 triginta
338 576 435 654 (quae
453 589 522 630 cum
538 566 777 630 Atheniensium
800 560 948 648 gentibus
971 582 1028 625 seu
1050 559 1158 648 γένεσι
1181 571 1383 646 congruunt),
1406 572 1562 649 tamquam
1584 564 1772 648 propinqui-

189 673 253 724 tate
276 657 411 745 quadam
434 677 491 720 seu
514 677 588 719 vera
611 675 670 718 seu
693 652 769 716 ficta
792 653 990 728 coniunctae,
1014 647 1256 734 distinguendae
1279 662 1353 714 sunt
1375 647 1538 737 ascalpens
1561 656 1658 737 (quae
1674 650 1771 714 Albe-

189 752 342 817 niensium
372 741 490 837 δήμοις
516 740 789 828 respondebant),
820 737 861 802 ad
889 736 1034 801 locorum
1063 737 1277 802 diversitatem
1306 737 1476 824 dispositis.
1522 740 1568 802 Ex
1597 742 1643 802 bis
1667 749 1771 803 autem

69 856 72 872 ¹
189 841 275 925 pagis
298 858 356 900 seu
376 829 507 917 κώμαις
528 853 592 895 uua
614 830 674 895 suit
697 831 822 904 Pitana,
846 825 1035 910 oppidulum
1059 825 1107 887 vel
1132 827 1222 889 vicus
1246 825 1286 889 ad
1309 827 1460 891 Eurotam
1484 827 1603 891 llruuen
1627 832 1714 905 situs,
1736 826 1769 891 id

190 925 277 1013 quod
298 920 486 988 Herodotus
509 922 579 1005 ipse
602 928 734 982 testatur
756 916 811 980 lib.
828 914 883 991 lll‚
907 936 933 976 c.
951 919 1006 982 55:
1030 910 1136 988 ονίὀς
1157 914 1195 982 ἐν
1211 909 1350 1005 Πιτάνη
1373 910 1601 1006 συνεγενόμην
1625 917 1771 992 ttlrcbiae

190 1015 348 1095 cuidam)·
376 1006 484 1103 δῆμον
511 1002 577 1099 γοῖρ
604 1003 726 1100 τούτου
755 999 808 1098 ἤν.
845 1001 1050 1088 ¹Scholiastes
1074 1001 1113 1064 ad
1138 1001 1337 1086 Thucydidis
1360 1003 1457 1067 verba
1480 999 1543 1072 τόν
1567 997 1772 1092 Πιτανότην

192 1103 300 1192 λόχον
329 1104 371 1163 ita
394 1097 519 1162 scribit:
550 1090 628 1162 οἷιιό
655 1088 841 1185 Πιτάνης
867 1087 1010 1183 κώμης.
1053 1087 1239 1181 Ἡρόδοτος
1266 1098 1448 1185 μαρτυρεῖ,
1477 1090 1531 1159 ότι
1552 1086 1598 1181 ἦν
1620 1092 1639 1159 ὁ
1663 1095 1774 1160 Πιτα-

192 1191 296 1279 οότης
327 1184 451 1274 λόχος,
486 1178 728 1274 Πιτανώτης
757 1180 928 1271 κληθεὶς
960 1171 1042 1246 α’πό
1077 1175 1279 1267 Πιτάνης,
1311 1177 1452 1275 κώμης
1480 1178 1773 1273 Λακωνικῆς’).

195 1281 288 1345 Unde
319 1278 373 1340 illa
400 1295 529 1358 quoque
555 1277 587 1335 in
616 1274 690 1334 Asia
719 1268 853 1333 Aeolum
884 1269 1008 1344 Pitane,
1040 1271 1130 1329 cuius
1158 1268 1244 1352 apud
1272 1270 1395 1333 Herod.
1425 1269 1448 1346 l,
1478 1275 1550 1338 149.
1580 1272 1695 1333 montio
1726 1268 1775 1345 fit,

194 1372 321 1434 duxisse
343 1384 460 1428 nomeu
483 1384 573 1424 suum
597 1358 731 1423 videtur.
779 1353 1016 1421 Posterioribus
1040 1353 1163 1418 demum
1193 1356 1323 1434 seculis,
1349 1356 1410 1420 sub
1437 1356 1679 1442 imperatoribus
1705 1356 1777 1419 lero

192 1457 360 1530 Romanis,
388 1451 433 1515 illi
461 1452 532 1535 pagi
561 1446 709 1532 (κώμαι)
739 1468 808 1509 curu
838 1442 985 1508 tribubus
1014 1447 1174 1536 (φυλαῖς)
1203 1445 1398 1508 commisceri
1426 1453 1649 1530 coeptusuut,
1679 1455 1713 1509 ut
1744 1455 1778 1506 et

195 1538 316 1616 Μεοόα
348 1551 380 1604 et
406 1533 612 1631 Κονόσοιιρα
644 1558 662 1599 a
690 1535 894 1620 grammaticis
929 1541 960 1595 et
986 1531 1230 1617 Lexicograpbis
1260 1527 1351 1628 φολὴ
1377 1530 1564 1627 Λακωνικη
1592 1544 1726 1599 vocatur
1739 1534 1777 1614 ³),

194 1635 341 1716 idemque
369 1628 410 1692 de
432 1630 545 1692 Pitane
572 1645 702 1715 quoque
729 1621 816 1708 apud
839 1620 1035 1704 Hesychium
1063 1631 1095 1685 et
1118 1621 1264 1685 Photium
1291 1621 1363 1685 lieri
1385 1623 1530 1686 vidimus.
1576 1623 1661 1686 Hinc
1683 1626 1779 1706 igitur

195 1721 347 1796 allicitur,
376 1713 539 1781 Herodoti
565 1724 669 1777 aetate
696 1709 839 1776 nondum
868 1707 1018 1772 detribu
1042 1709 1254 1792 Pitauetarum
1276 1714 1467 1775 mentionem
1490 1711 1600 1776 iulerri
1646 1710 1777 1785 otuissc,

194 1812 293 1897 idque
316 1830 356 1872 eo
378 1809 490 1880 minus,
514 1806 541 1866 si
561 1803 711 1874 Mesoam‚
737 1798 950 1885 Cynosuram,
973 1798 1109 1875 Limnas,
1133 1799 1265 1862 Pitanen
1288 1799 1366 1862 nihil
1390 1797 1476 1862 aliud
1499 1800 1596 1862 luisse
1617 1734 1778 1865 Hluellero

196 1897 391 1966 concesseris
403 1895 437 1976 ⁴),
460 1893 522 1956 nisi
537 1891 671 1977 Spartae
693 1891 793 1974 ipsius
818 1891 905 1950 vicos
929 1906 986 1947 seu
1007 1880 1131 1969 κώμας.
1156 1925 1198 1938 -
1221 1886 1286 1950 Sed
1302 1886 1454 1972 quicquid
1471 1886 1614 1952 dehisce
1630 1885 1779 1951 tribubus

196 1983 398 2054 iudicandum
422 1991 482 2058 est,
506 2001 578 2043 cum
600 1977 858 2042 verisimillimum
882 1977 930 2051 sit,
954 1994 991 2036 ex
1014 1975 1128 2037 bacin
1151 1995 1250 2060 pagos
1275 1970 1336 2056 (κώ
1362 1978 1418 2058 ας)
1443 1975 1656 2061 descriptione
1679 1978 1781 2040 Lace-

196 2076 435 2143 daemoniorum
464 2072 634 2133 exercitum
662 2070 877 2150 conscriptum
906 2072 1002 2151 atque
1032 2065 1065 2125 in
1093 2058 1209 2155 μόρας
1237 2073 1268 2126 et
1297 2070 1425 2152 λοχους
1447 2064 1648 2128 distributum
1671 2063 1780 2138 luisse,

198 2165 351 2253 quidest
379 2157 470 2245 quod
499 2155 622 2234 obstet,
652 2157 819 2240 quominus
849 2146 964 2244 μόραν
991 2162 1023 2212 et
1050 2143 1159 2237 λόχον
1180 2153 1264 2214 inter
1287 2173 1322 2216 se
1345 2157 1510 2217 commixta
1533 2174 1570 2216 ac
1591 2151 1781 2237 perturbata

196 2276 268 2320 essa
291 2251 331 2315 ab
356 2245 525 2313 Herodoto
549 2246 740 2308 statuamus?
771 2244 826 2316 ita,
850 2249 885 2302 ut
908 2242 976 2300 eius
999 2236 1095 2324 culpa
1117 2239 1176 2301 hac
1197 2239 1266 2303 sola
1288 2244 1321 2303 iu
1344 2262 1380 2304 re
1401 2251 1561 2318 versetur,
1585 2239 1673 2325 quod
1697 2262 1781 2330 quae

195 2340 290 2436 μόρα
314 2336 449 2402 dicenda
473 2342 548 2411 erat,
570 2331 625 2396 ills
647 2329 756 2418 λόχον
778 2328 908 2392 dixerit?
948 2326 1042 2410 Quae
1066 2327 1192 2411 quidem
1216 2330 1400 2393 coniectura
1417 2329 1510 2393 etiam
1526 2340 1697 2414 propterea
1711 2331 1780 2392 veri

197 2428 355 2517 quandam
377 2426 515 2510 speciem
538 2418 694 2507 praebere
717 2419 832 2504 possit,
859 2412 961 2499 quod,
990 2417 1110 2479 etiamsi
1131 2437 1279 2481 uumerus
1301 2417 1447 2496 militum,
1476 2439 1513 2482 ex
1536 2418 1653 2503 quibus
1676 2412 1782 2506 λόχος

197 2517 373 2591 constabat,
395 2534 456 2599 pro
480 2532 520 2575 eo
543 2529 685 2585 numero,
709 2528 803 2592 quem
825 2526 913 2568 mora
937 2503 1131 2580 continebat,
1153 2503 1324 2569 admodum
1349 2506 1492 2570 diversus
1512 2509 1699 2583 inveniatur,
1721 2508 1783 2569 uti-

198 2629 260 2695 que
288 2617 393 2668 tamen
421 2602 535 2666 nimiae
562 2609 629 2661 tum
651 2596 814 2659 homiuum
836 2593 987 2678 paucitati
1008 2591 1184 2676 praefuisse
1206 2591 1354 2657 videatur
1376 2595 1658 2679 Amompbaretus,
1686 2614 1783 2680 quam

197 2706 232 2761 ut
255 2694 432 2758 Pausaniae
461 2686 536 2750 duci
562 2688 596 2748 in
624 2683 760 2747 consilio
784 2680 873 2766 quod
898 2690 1025 2763 ceperat
1049 2678 1253 2769 exsequendo
1277 2690 1367 2745 tanto
1390 2703 1461 2746 esse
1483 2683 1626 2767 potuerit
1647 2679 1783 2768 impedi-

172 2792 314 2848 ·mento.
360 2775 426 2839 Sed
453 2785 490 2835 ut
517 2771 558 2834 de
587 2772 650 2834 hoc
677 2778 860 2854 argumento
889 2769 977 2850 prius
1006 2764 1193 2847 disseratur,
1224 2769 1254 2831 si
1281 2769 1390 2852 paullo
1418 2773 1597 2834 accuratius
1625 2773 1782 2835 rationem

198 2870 322 2944 inieris,
350 2861 435 2927 haud
457 2870 519 2923 tarn
542 2879 670 2943 parvam
694 2867 768 2919 tunc
791 2856 889 2917 tuisse
911 2853 994 2915 illam
1017 2853 1103 2915 lochi
1126 2854 1357 2918 multitudinem
1379 2860 1528 2941 reperies.
1573 2859 1655 2921 Nam
1679 2863 1783 2923 mitte-

198 2960 315 3023 bantur
330 2975 348 3016 a
364 2945 627 3016 Lacedaemoniis
643 2941 684 3006 ad
698 2940 779 3006 illud
795 2941 912 3004 bellum
927 2940 1165 3024 Spartanorum,
1190 2941 1385 3028 quiquidem
1406 2944 1541 3033 proprie
1562 2947 1608 3009 sic
1624 2945 1784 3025 dicuntur,

199 3049 341 3134 quinque
356 3038 440 3102 milia
447 3036 473 3118 ⁵)
495 3041 636 3119 (praeter
652 3029 784 3095 alterum
801 3039 921 3093 tantum
937 3049 1103 3092 numerum
1118 3029 1187 3097 τών
1202 3034 1396 3122 περιοίκων)
1403 3035 1440 3113 ⁶).
1474 3033 1662 3099 Universum
1678 3044 1783 3100 autem
1822 3069 1828 3080 ι

199 3138 428 3221 Spartanorum
449 3122 621 3188 exercitum
643 3122 676 3182 in
701 3140 756 3184 sex
777 3115 888 3270 μόρας
912 3116 1045 3180 divisum
1069 3117 1166 3182 luisse
1190 3130 1328 3195 constat3
1352 3142 1562 3208 unaquaeque
1576 3125 1670 3209 igitur
1684 3143 1784 3203 mora,

200 3222 341 3310 quamvis
365 3215 489 3280 diversa
512 3234 530 3274 a
552 3208 715 3274 veteribus
739 3207 781 3272 de
803 3208 825 3270 il
839 3228 926 3270 arum
949 3215 984 3268 ut
1008 3204 1047 3269 de
1062 3203 1228 3271 lochorum
1242 3229 1376 3273 numeru
1393 3207 1507 3273 tradita
1521 3213 1592 3290 sint,
1614 3222 1680 3275 tum
1696 3223 1786 3276 certe

199 3312 272 3397 plus
296 3309 498 3390 octingentos
514 3300 688 3385 Spartanos
713 3293 906 3361 continebat.
946 3292 1056 3377 Quum
1079 3316 1157 3359 vero
1174 3296 1316 3381 singulae
1331 3301 1443 3361 iterum
1458 3319 1567 3363 morae
1582 3301 1615 3363 in
1631 3309 1786 3385 quattuor

89 3452 93 3469 ,
199 3400 313 3464 lochos
336 3389 485 3458 distribui
507 3387 662 3464 solerent,
692 3395 727 3449 ut
750 3382 1018 3469 locupletissimus
1041 3403 1116 3446 saue
1138 3386 1171 3447 in
1195 3384 1281 3447 bisce
1304 3384 1399 3448 rebus
1422 3395 1534 3451 auctor
1557 3385 1651 3451 docet
1673 3385 1787 3454 Xeno-

198 3485 342 3573 phon⁷),
373 3479 592 3563 unusquisque
618 3474 732 3539 lochus
761 3495 779 3536 e
808 3470 954 3536 ducentis
982 3470 1117 3556 amplius
1143 3470 1294 3535 militibus
1323 3472 1498 3538 constabat.
1548 3477 1662 3540 Parine
1690 3479 1786 3544 etiam

199 3579 323 3641 ratione
349 3569 423 3634 illae
449 3567 627 3659 περιοίκων
655 3564 767 3647 copiae
796 3558 914 3624 divisae
942 3559 1075 3636 luerint,
1103 3561 1137 3622 in
1166 3559 1272 3625 medio
1301 3561 1509 3647 relinquatur.
1556 3565 1599 3628 At
1620 3565 1785 3630 Pitanatas

200 3685 267 3728 non
282 3660 475 3754 περιοίκων,
494 3653 553 3719 sed
572 3656 713 3739 ipsorum
730 3650 957 3736 Spartiatarum
973 3647 1081 3725 luisse,
1100 3649 1159 3711 iam
1176 3672 1272 3735 supra
1288 3649 1535 3715 demonstratum
1552 3662 1608 3717 est.
1643 3653 1785 3740 Singulis

201 3763 304 3816 autem
327 3746 493 3834 Spartiatis
521 3764 592 3805 cum
620 3749 741 3825 septem
770 3738 849 3803 levis
877 3747 1053 3801 armaturae
1080 3737 1194 3803 milites
1217 3760 1255 3802 ex
1277 3738 1463 3803 Helotarum
1485 3760 1618 3805 numero
1640 3739 1797 3819 adiuncti,

202 3849 316 3916 essent,
340 3829 605 3921 quemadmodum
625 3849 661 3891 ex
678 3825 849 3891 Herodoto
864 3829 938 3911 ipso
955 3824 1103 3890 discimus
1116 3826 1151 3909 ⁸),
1174 3826 1260 3890 mille
1276 3837 1495 3892 sexcentorum
1511 3829 1637 3893 circite,
1652 3831 1785 3896 militum

201 3995 412 4013 m

228 4088 254 4154 ¹)
272 4079 316 4136 De
352 4077 429 4133 uibus
446 4073 551 4132 erudite
570 4069 874 4159 disputavitssoeelrbius
886 4067 919 4127 ad
931 4067 1006 4128 Pind.
1019 4068 1098 4146 Pytb.
1110 4069 1131 4128 l.
1143 4069 1176 4128 Τ.
1189 4073 1215 4128 3.
1226 4091 1253 4148 p.
1264 4074 1318 4128 234
1329 4091 1371 4149 sq.
1398 4071 1432 4129 0.
1444 4071 1563 4130 Mueller.
1576 4073 1595 4132 l.
1607 4094 1630 4130 c.
1646 4074 1680 4134 ll.
1715 4080 1784 4134 .77:

272 4149 321 4220 „Iu
333 4096 442 4225 ¹Sparta,
460 4145 508 4202 der
526 4143 604 4202 Stadt
621 4143 675 4249 (Ιωιί
687 4162 777 4200 remen
795 4142 945 4209 Donamus,
964 4141 1023 4198 darl
1038 4162 1097 4199 man
1115 4141 1245 4199 dursbaus
1262 4142 1334 4200 nicht
1351 4142 1427 4201 mehr
1444 4143 1483 4201 als
1502 4143 1545 4202 dic
1563 4144 1620 4203 drei
1638 4095 1786 4205 tsbtpdori·

226 4303 252 4367 ²)
270 4216 668 4350 Hcdddsiisdilbld'dllHddbllan‘
681 4283 728 4341 lX.
746 4305 772 4362 p.
784 4289 836 4341 att
849 4303 891 4362 sq.
923 4282 1012 4340 blanco
1031 4284 1048 4341 l.
1061 4305 1085 4342 c.
1103 4284 1135 4341 ll.
1154 4305 1181 4364 p.
1194 4287 1246 4342 126
1256 4305 1297 4361 sq.
1327 4284 1360 4343 0.
1373 4284 1491 4344 Mueller.
1510 4287 1563 4343 l.c.
1582 4287 1617 4345 ll.
1655 4291 1737 4346 ‚aaa
1780 4333 1785 4345 .

272 4365 370 4442 Spaub.
389 4359 422 4416 ad
439 4358 543 4417 Gallim.
561 4356 593 4414 H.
611 4361 638 4413 in
656 4357 766 4414 Dianam
783 4376 808 4413 r.
821 4361 882 4415 172.
1635 4308 1654 4366 p
1737 4309 1778 4369 qq

227 4443 253 4541 ἰ)
272 4428 480 4562 tituta-t·
497 4431 736 4566 tufts-...t
752 4427 775 4555 l:
792 4447 859 4555 tu·
878 4433 921 4485 ⁵¹·

227 4516 255 4648 ’ζ
272 4577 309 4663 ⁴³⁰.
324 4597 379 4655 rep.
398 4572 491 4630 Laced.
511 4576 553 4640 ll,
571 4574 595 4626 4.
631 4568 721 4627 llanso
740 4569 759 4628 l.
777 4575 804 4626 2.
822 4588 849 4647 p.
866 4575 920 4627 225
938 4590 979 4647 sq.
1015 4571 1049 4631 0.
1063 4569 1186 4629 Mueller.
1205 4569 1237 4626 11.
1256 4591 1283 4649 p.
1300 4573 1361 4628 234.
1398 4570 1484 4632 Stura.
1504 4571 1558 4631 lex.
1575 4572 1697 4651 Xeriopb.
1715 4591 1738 4630 s.
1758 4594 1785 4634 τ.

228 4725 254 4791 ³)
272 4670 360 4775 fileae,
371 4651 415 4770 21¹0
432 4725 460 4772 et
476 4718 523 4772 28:
550 4712 581 4770 τό
603 4716 653 4785 μὲν
676 4713 764 4796 {statu
789 4721 869 4784 κέρας
894 4715 967 4800 είχρν
984 4715 1211 4787 Λακεδαιμονίων
1235 4713 1341 4789 μύριοι·
1360 4712 1475 4784 (fallitur
1498 4714 1568 4770 enim
1591 4711 1732 4771 Muellerus
1750 4713 1786 4770 Π.

272 4810 300 4867 p.
312 4790 348 4845 tu
365 4784 400 4841 de
418 4784 509 4874 decem
526 4783 638 4874 milibus
652 4806 710 4872 τωη
725 4791 880 4856 περιοίκων,
903 4803 1020 4861 quinqua
1037 4783 1226 4864 Spartiatarum
1243 4785 1369 4862 loquens,
1393 4805 1452 4843 cum
1471 4786 1549 4841 etiam
1566 4789 1712 4860 περιοίκων
1728 4802 1786 4841 non

273 4859 335 4939 plus
353 4876 432 4935 quam
450 4877 566 4934 qmnque
583 4855 655 4914 mrlra
673 4853 755 4912 luisse
774 4865 801 4912 et
819 4875 853 4913 ex
870 4853 921 4912 boc
938 4854 1011 4925 loco,
1034 4867 1062 4914 et
1078 4859 1219 4934 praecipue
1236 4875 1270 4914 ax
1288 4875 1344 4934 cap.
1357 4861 1390 4915 ll
1408 4856 1600 4934 perspiciatur)
1618 4861 1735 4914 τουτέων
1754 4855 1785 4912 δὲ
