3952 5648
970 213 998 299 9

905 336 1062 346 -ή

192 440 232 501 sit
255 437 379 500 navium
403 444 498 518 atque
521 435 689 512 hominum,
715 436 805 520 quasi
828 434 949 498 nullum
973 433 1028 498 illo
1052 445 1195 521 tempore
1218 435 1303 499 aliud
1327 436 1421 500 luerit
1435 439 1467 520 ¹),
1490 447 1555 501 tum
1578 435 1663 500 fossa
1680 458 1772 522 prae-

195 542 288 606 ducta
311 541 537 625 impedimento
563 544 602 602 sit
625 540 779 620 hostibus,
804 564 844 606 nc
866 541 984 605 bellum
1001 527 1211 607 Troianorum
1235 545 1438 628 ingravescat,
1463 552 1618 626 tamquam
1635 542 1725 606 aliter
1740 541 1773 606 id

193 651 261 712 siue
285 646 385 711 dubio
411 647 599 728 loturum²);
623 657 653 710 et
675 649 845 733 Neptunus
871 671 938 711 cum
958 649 1033 712 love
1057 651 1206 733 queritur,
1231 649 1317 733 quod
1335 649 1453 726 achivi,
1477 647 1565 712 nullo
1588 649 1647 712 diis
1663 648 1772 714 oblato

193 752 294 832 dono,
323 776 444 817 murum
472 776 509 816 ac
537 753 651 816 fossam
681 755 885 839 perfecerint,
915 754 1067 844 qnodque
1096 756 1177 818 illius
1206 758 1287 819 muri
1315 756 1393 818 larua
1421 764 1492 817 toto
1517 753 1596 817 orbe
1619 766 1773 818 terrarum

193 882 348 938 mansura,
374 882 443 923 cum
468 863 543 935 eius,
568 863 620 944 qni
645 859 684 922 ab
708 863 780 947 ipso
805 852 1012 946 et‘Apolline
1029 860 1238 924 Laomedonti
1260 865 1326 946 regi
1349 862 1500 923 excitatus
1517 860 1564 936 sit,
1587 860 1621 923 iu
1639 858 1774 925 oblivio-

192 988 264 1030 nem
295 969 419 1029 venturi
443 968 504 1028 sint
529 965 720 1041 homines³l;
751 978 781 1030 et
805 965 949 1052 luppiter
974 989 1043 1029 eum
1069 966 1227 1030 consolari
1249 967 1370 1043 studet,
1394 965 1468 1029 dato
1494 965 1645 1044 consilio,
1668 977 1702 1029 ut
1724 988 1772 1030 re-

193 1074 292 1136 versis
322 1073 355 1135 iu
388 1076 519 1156 patriam
543 1073 678 1137 Achaeis
709 1095 832 1137 murum
864 1073 1028 1137 confestim
1060 1070 1282 1154 snbvertat⁴),
1314 1071 1400 1136 nulla
1424 1070 1551 1134 alterius
1576 1071 1774 1135 Graecorum

194 1176 376 1241 munimenti
408 1177 447 1240 ab
478 1179 629 1242 alterutro
660 1176 722 1243 deo
751 1179 830 1242 laeta
860 1183 1029 1243 mentione.
1080 1177 1208 1242 Deinde
1236 1180 1342 1263 pinnis
1371 1176 1598 1262 aSarpedone
1627 1176 1773 1242 detractis

195 1294 353 1369 portaque
377 1282 416 1346 ab
439 1284 579 1349 Hectore
601 1287 729 1350 effracta
754 1285 852 1368 (libro
868 1286 955 1365 XII),
978 1289 1079 1349 statim
1095 1285 1135 1348 ad
1151 1288 1234 1371 ipsas
1255 1306 1352 1349 naves
1376 1283 1473 1368 (libro
1491 1284 1580 1366 Xlll)
1605 1283 1774 1363 dimicatur,

195 1402 230 1454 ut
253 1413 280 1454 e.
297 1411 340 1475 gr.
363 1412 393 1453 v.
410 1395 474 1458 679
490 1412 559 1474 sqq.
585 1390 623 1453 de
649 1394 788 1456 Hectore
813 1391 940 1455 dicitnr:
1382 1413 1386 1420 ·

511 1491 585 1562 ἀλλ’
608 1500 696 1586 ἔχεν,
722 1493 746 1590 ᾗ
769 1492 812 1565 τά
834 1497 952 1592 πρῶτα
975 1494 1084 1574 πύλας
1105 1500 1163 1565 καλ
1185 1503 1296 1584 τεῖχος
1318 1495 1448 1574 ε’ςάλτο,

512 1601 704 1694 ῥηξάμενος
728 1605 875 1674 Δαναῶν
898 1600 1039 1680 πυκινάς
1062 1608 1177 1691 στίχας
1200 1599 1408 1670 ἀσπιστάων·
1482 1614 1485 1618 ’

512 1708 587 1778 ἔνθ’
601 1711 625 1792 ⁵)
650 1712 732 1779 e'iror
755 1709 941 1792 Alorrdc⁶l
966 1739 1002 1779 τε
1025 1712 1097 1787 νέες
1119 1713 1176 1778 καλ
1202 1703 1455 1801 Πρωτεσιλάου,

515 1813 586 1884 θίν’
610 1815 661 1910 ἐφ’
684 1811 769 1894 eilde
792 1817 915 1908 πολιῆς
937 1813 1129 1910 είρυμίναι·
1153 1811 1261 1907 αύτάρ
1283 1813 1446 1906 ὕπερθεν,

513 1929 625 2011 τεῖχος
646 1924 809 2015 ε’δίδμιγτο
832 1922 1109 2012 χθαμαλώτατον
1120 1924 1156 2004 ⁷),
1180 1925 1269 1989 ἔνθα
1291 1920 1440 2007 μάλιστα

514 2035 671 2122 ζαχρηεῖς
692 2034 849 2118 γίγνοντο
872 2028 969 2119 μάχῃ
993 2027 1097 2098 αὐτοί
1113 2057 1149 2097 τε
1172 2030 1230 2096 καλ
1254 2031 1354 2097 ἵπποι.

198 2150 292 2223 atque
322 2137 404 2201 adeo
433 2139 511 2221 ignis
541 2141 572 2199 in
599 2138 763 2200 Protesilai
791 2160 903 2201 navem
933 2141 1071 2200 omnium
1101 2134 1279 2219 longissime
1307 2139 1340 2198 in
1368 2146 1480 2200 terram
1504 2150 1693 2222 protractam
1716 2161 1777 2205 uec

91 2307 92 2311 ,
196 2244 310 2330 procul
333 2267 350 2306 a
373 2266 464 2308 muro
490 2243 655 2306 distantem
679 2247 746 2306 sine
770 2244 836 2307 ullo
859 2246 919 2306 iarn
943 2240 1166 2326 impedimento
1182 2239 1234 2303 vel
1251 2238 1438 2307 difficultate
1455 2248 1620 2310 coniicitur
1632 2249 1666 2325 ⁸).
1705 2248 1777 2310 Huc

196 2349 275 2414 illud
300 2373 430 2436 quoque
454 2350 585 2427 accedit,
609 2348 697 2435 quod
714 2349 852 2413 Achilles
877 2360 907 2412 et
925 2349 1001 2410 Aiax
1017 2347 1219 2411 Telamonius
1235 2346 1378 2412 extremis
1394 2345 1619 2439 ναυστάθμου
1634 2350 1777 2437 partibus

198 2455 238 2520 ad
262 2460 480 2543 promontoria
505 2459 632 2543 Sigeum
657 2466 688 2518 et
712 2451 893 2519 Rhoeteum
915 2476 1012 2517 naves
1035 2476 1108 2516 suas
1132 2452 1320 2518 subduxisse
1343 2454 1518 2534 traduntur,
1540 2458 1724 2522 fortitudine
1748 2469 1778 2523 et

197 2586 345 2628 manuum
369 2564 489 2629 robore
513 2563 629 2648 lreti⁹).
668 2564 709 2625 at
732 2583 812 2625 vero
836 2564 863 2624 si
886 2573 986 2624 castra
1004 2560 1200 2625 Graecorum
1223 2562 1283 2623 iam
1307 2571 1400 2624 autea
1415 2561 1548 2626 luissent
1562 2567 1689 2644 munita,
1712 2585 1778 2630 nou

201 2667 274 2750 plus
296 2671 497 2752 requirerent
519 2671 630 2729 virium
653 2678 808 2729 extremae
831 2677 937 2751 partes
961 2689 1052 2751 quam
1076 2665 1189 2729 media.
1235 2665 1356 2730 Contra
1379 2675 1463 2729 nuda
1487 2678 1517 2730 et
1541 2681 1649 2754 aperta
1678 2681 1779 2734 castra

201 2780 339 2854 utroque
362 2775 492 2832 maxime
516 2791 614 2832 cornu
639 2772 878 2830 fortissimorum
901 2772 1039 2829 virorum
1055 2769 1216 2850 praesidio
1233 2790 1249 2826 a
1266 2768 1377 2828 subitis
1392 2770 1528 2830 hostiurn
1544 2773 1779 2839 incursionibus

200 2885 289 2937 erant
305 2873 515 2937 defendenda.
554 2874 609 2937 Sic
625 2873 808 2936 Eustathius
825 2870 843 2935 l.
862 2894 889 2934 c.
906 2870 960 2948 (ad
978 2896 1007 2937 v.
1024 2876 1075 2953 5):
1098 2875 1140 2939 αἱ
1149 2871 1268 2957 με’ντοι
1283 2870 1349 2940 τῶν
1364 2863 1613 2963 ἀνδρειοτάτων
1625 2875 1780 2958 Αἰαντάς

1547 2977 1560 2998 ¹!

197 3007 232 3048 τε
260 2983 318 3047 καὶ
338 2977 527 3066 Ἀχιλλίως
550 2983 673 3045 κλισίαι
695 2978 734 3046 ἐν
755 2971 885 3064 ἐσχάτῳ
908 2979 1056 3046 ἵσταντο.
1087 2979 1168 3070 φησὶ
1189 2977 1274 3070 γάρ·
1305 2984 1344 3046 οῗ
1366 2983 1511 3066 ἔσχατα,
1538 3008 1643 3076 νγγουν
1666 2978 1714 3059 εἰς
1736 2981 1780 3052 τά

200 3083 300 3180 άκρα,
324 3086 404 3162 νεάς
426 3083 518 3161 ἐίσας
540 3089 689 3175 εἰρυσαν,
711 3078 837 3175 ἠνορέῃ
859 3087 991 3152 πίσυνοι
1014 3084 1073 3151 καλ
1094 3078 1371 3179 κάριεϊχειράίν·
1396 3080 1445 3153 ὦν
1460 3079 1503 3179 ἦν
1517 3090 1618 3181 χρεία
1632 3086 1777 3175 μάλιστα

227 3301 251 3367 ¹)
271 3296 301 3354 ll.
319 3322 345 3368 η.
363 3317 388 3352 v.
401 3299 452 3351 337
473 3314 513 3371 sq.
551 3325 584 3335 -
603 3303 668 3349 ποτὶ
687 3291 710 3350 δ’
728 3293 811 3351 αύτδν
829 3296 958 3380 δείμομεν
976 3288 1032 3351 ὦκα

596 3446 599 3451 ‚
629 3392 744 3458 πύργους
760 3382 889 3457 tentate,
909 3384 1004 3457 εἶλαρ
1023 3385 1108 3456 νηυλν
1126 3407 1161 3441 τε
1179 3393 1234 3440 καὶ
1252 3382 1372 3440 αύτολν.

271 3481 298 3527 et
316 3471 462 3528 distinctius
481 3471 544 3528 ihid.
563 3493 588 3528 v.
606 3474 659 3528 436
677 3491 732 3548 sq:
773 3505 806 3516 -
825 3483 889 3530 ποτὶ
908 3471 933 3529 δ
949 3471 1033 3530 αύτδν
1051 3481 1160 3544 τεῖχος
1176 3475 1332 3543 ἔδειμαν,

629 3561 744 3635 πύργους
761 3560 793 3618 θ’
810 3561 936 3632 ύψηλούς,
956 3563 1032 3632 εἶλαρ
1051 3565 1124 3632 νηοῖν
1141 3585 1171 3617 τε
1188 3571 1233 3618 καὶ
1252 3559 1347 3621 αι’τιῖν.

224 3655 250 3720 ²)
270 3648 335 3708 lhid.
354 3671 378 3706 v.
391 3653 442 3707 341
462 3669 521 3726 sqq.
549 3655 679 3708 ἔκτοσθεν
697 3650 725 3708 di
743 3657 863 3724 βαθεῖαν
882 3648 1013 3724 ὀρύξομεν
1030 3650 1129 3723 ἐγγύθι
1147 3649 1259 3723 τάφρον,

550 3736 568 3810 ἦ
586 3738 609 3810 χ’
625 3742 724 3797 ἵππους
741 3747 785 3795 καλ
803 3739 870 3794 λαδν
889 3737 1013 3810 ἐρυκάκοι
1032 3737 1117 3812 άμφλς
1135 3740 1223 3806 ἐοῦσα,

550 3827 649 3901 μήποτ’
667 3830 792 3902 ἐπιβρίσῃ
810 3825 927 3899 πόλεμος
946 3833 1047 3898 Τρυλων
1065 3824 1212 3903 άγεριύχων.

223 3904 249 3970 ³)
269 3897 334 3954 lbid.
351 3922 376 3957 v.
395 3903 448 3959 tls
467 3919 525 3975 sqq.

223 3991 250 4058 ⁴)
269 3987 337 4046 lhid.
355 4010 379 4045 v.
398 3993 450 4046 459
468 4009 527 4065 sqq.
549 3997 576 4044 et
595 4013 624 4060 μ.
642 4008 668 4046 r·
685 3991 792 4063 3-33.

225 4083 250 4147 ³)
269 4076 388 4135 Eustath.
407 4081 477 4134 ἔνθα
493 4076 574 4151 πρύς
592 4079 637 4148 τῷ
655 4084 759 4148 τείχει
778 4081 896 4134 Αἴαντός
914 4100 944 4134 τε
961 4084 1019 4134 νέες
1036 4085 1081 4132 καὶ
1099 4077 1300 4150 Πρωτεσιλάου.

225 4169 253 4235 ⁶)
273 4165 362 4222 Schol.
373 4165 440 4222 Ven.
459 4165 476 4236 ἠ
497 4167 587 4236 διπλῆ,
607 4163 650 4224 δτι
669 4169 717 4224 τού
728 4166 836 4237 Λοκροῦ
854 4166 922 4238 λέγει
934 4170 1066 4222 Αἴαντος·
1085 4163 1159 4222 οὗτος
1176 4166 1226 4239 γάρ
1245 4167 1369 4225 ε’·νεολλκσι
1387 4170 1499 4240 πλησίον
1517 4171 1564 4228 τού
1576 4170 1775 4246 Πρωτεσιλάου.

271 4253 339 4311 Nam
357 4254 443 4310 Aiacis
462 4255 608 4311 Telarnouii
629 4275 708 4312 naves
725 4259 752 4312 iu
770 4257 876 4310 sinistro
895 4273 976 4310 cornu
993 4253 1026 4311 ad
1043 4253 1191 4311 Rhoeteum
1209 4258 1420 4331 promontorium
1439 4269 1512 4316 erant
1529 4260 1679 4318 subductae.

225 4348 250 4416 l)
270 4342 377 4400 Scholia
394 4345 463 4421 apud
476 4345 557 4402 Bell.
578 4341 611 4415 ἦν
631 4345 659 4401 δὲ
677 4346 823 4416 χθαμαλύν
841 4345 885 4400 διά
904 4345 936 4399 τύ
954 4341 1116 4419 α’φῃρῆσθαι
1134 4346 1182 4415 τῆς
1200 4343 1334 4411 ἐπάλξεως
1351 4345 1402 4402 ύπδ
1421 4350 1605 4423 Σαρπηδόνος,
1624 4349 1640 4419 ἢ
1658 4347 1693 4406 eis
1710 4349 1777 4424 πρὸς

271 4441 405 4508 σύγκρισιν
423 4436 471 4490 τοῦ
488 4436 671 4509 πολυανδρίου,
691 4434 726 4490 oie
744 4437 923 4507 ἕπειγομίνως
941 4432 1099 4506 ποιήσαντες
1115 4433 1161 4490 σύκ
1179 4433 1351 4505 ἐξωμάλισαν
1369 4434 1447 4494 αύτύ·
1474 4437 1516 4494 διδ
1537 4446 1582 4493 καὶ
1598 4435 1615 4507 ἡ
1632 4436 1776 4516 ύπέρβασις

270 4529 326 4579 τοῖς
342 4523 489 4595 βαρβάροις
507 4525 606 4594 δυνατή
623 4531 735 4598 γέγονεν.

169 4668 171 4675 ,
226 4616 251 4686 ⁸)
271 4612 299 4668 ll.
319 4638 341 4670 σ.
359 4634 383 4671 v.
397 4614 556 4676 tot-718,
587 4637 615 4669 π.
634 4634 658 4672 v.
673 4616 724 4668 120
742 4631 801 4689 sqq.

226 4707 252 4776 ⁹)
272 4700 302 4758 ΙΙ.
322 4703 345 4761 λ.
363 4706 416 4762 v.8
433 4723 474 4781 sq.
513 4735 545 4746 -
564 4708 606 4758 τοί
624 4700 652 4773 ῥ’
670 4706 770 4774 ἔσχατα
786 4700 855 4773 νῆας
871 4699 945 4758 dhar
983 4763 985 4768 ,

481 4797 595 4868 εἴρυσαν,
612 4791 708 4868 ἠνορέῃ
726 4798 834 4848 πίσυνοι
852 4801 898 4848 καὶ
915 4789 1014 4866 κάρτεΐ
1029 4791 1134 4866 γειριῧν.
