3952 5648
976 247 1005 334 3

199 479 253 555 111,
274 482 303 553 3,
327 482 359 546 4.
385 484 560 540 enumerat:
594 475 659 555 „lo
681 472 918 559 Peloponneso
943 471 1086 561 Argoos,
1109 470 1290 550 laconice,
1314 475 1502 554 Messenio,
1526 471 1670 554 Achaia,
1695 473 1778 555 Elis,

197 580 397 662 Aroodr'o“,
427 580 624 665 totidemque
652 580 800 666 leguntur
829 579 914 665 apud
946 579 1135 644 Strabonem
1164 579 1249 655 VIII,
1273 585 1351 656 ch,
1376 577 1393 663 ἓ
1416 586 1436 646 2
1459 590 1489 642 et
1511 586 1540 649 3.
1587 580 1779 645 scholiastes

197 711 274 754 sane
298 687 339 751 ad
363 699 506 751 nostrum
531 687 634 750 locum
659 687 801 776 quinque
825 685 1041 749 tantummodo
1066 687 1170 749 affert:
1195 681 1465 773 Πελοποννήσου
1484 691 1526 753 αἱ
1538 688 1634 754 πέντε
1648 692 1778 779 μοῖραι,

195 789 397 888 Λακωνικὴ,
418 788 616 886 Ἀρκαδικὴ,
638 787 841 886 Ἀργολικὴ,
877 787 1095 884 Μεσσηνιακή
1116 792 1173 859 καὶ
1196 787 1255 884 τῆς
1271 787 1458 875 Ἤλιδοςῑ)
1493 815 1628 883 eumque
1651 807 1779 858 secutus

197 912 244 966 est
268 905 325 966 Ae.
349 900 514 965 Enenchel
537 902 569 962 in
598 901 858 965 annotationibus
886 902 1140 985 interpretationi
1168 920 1243 960 suae
1271 898 1385 961 latinae
1414 900 1591 981 adnextstt.
1638 901 1679 963 At
1701 921 1778 965 vero

198 1030 263 1092 quo
287 1011 354 1071 iure
379 1029 487 1070 eorum
513 1016 644 1089 uterque
661 1007 809 1070 Achaiam
832 1008 1028 1090 provinciam
1051 1007 1256 1091 praeterierit,
1279 1008 1417 1090 perspici
1441 1005 1530 1069 nullo
1545 1017 1640 1091 pacto
1663 1017 1778 1091 potest.

199 1114 294 1198 Quae
318 1115 377 1177 etsi
401 1123 479 1175 tunc
501 1111 642 1174 nondum
666 1123 754 1177 tanto
779 1122 846 1176 erat
869 1111 996 1188 ambitu,
1021 1122 1139 1196 quanto
1162 1120 1274 1195 postea
1297 1122 1423 1174 mortuo
1448 1111 1628 1175 Alexandro
1652 1114 1779 1197 Magno,

197 1241 302 1309 neque
328 1217 454 1282 maioris
483 1216 659 1281 habebatur
686 1221 718 1281 in
744 1217 942 1281 Graecorum
969 1218 1066 1281 rebus
1089 1216 1253 1291 momenti,
1282 1215 1365 1278 haud
1395 1217 1536 1301 exiguam
1559 1228 1663 1282 tamen
1686 1217 1779 1282 Pelo-

196 1328 336 1411 ponnesi
358 1334 488 1407 partem,
511 1322 679 1387 duodecim
703 1323 800 1388 urbes
824 1324 1088 1409 complectentem
1118 1319 1218 1399 (uirile
1240 1315 1470 1398 δωδεκόπολις
1493 1334 1526 1386 ut
1548 1321 1636 1387 louia
1658 1322 1779 1402 dicitur,

196 1430 319 1495 Herod.
339 1433 409 1507 Vll,
432 1435 487 1498 95.
514 1429 641 1493 Strabo.
659 1428 752 1508 Vlll,
777 1454 805 1499 c.
824 1436 853 1509 7,
877 1431 940 1515 §L
977 1427 1084 1492 Schol.
1108 1426 1148 1489 ad
1173 1424 1277 1490 Thuc.
1298 1425 1338 1504 ll,
1361 1433 1396 1500 9)
1427 1426 1606 1507 obtinebat,
1637 1433 1724 1492 cuius
1749 1441 1780 1492 et

197 1534 283 1621 apud
300 1535 500 1599 Herodotum
525 1536 623 1614 (Vll,
646 1541 706 1610 94)
729 1541 849 1602 mentio
873 1537 920 1614 fit,
944 1546 974 1599 et
997 1533 1082 1619 apud
1098 1531 1320 1618 Thucydidem
1344 1537 1487 1618 saepius;
1511 1538 1585 1619 quin
1611 1539 1779 1599 universi

196 1643 354 1718 Achaei,
384 1663 454 1705 cum
484 1640 601 1703 bellum
631 1641 937 1727 Peloponnesiacum
962 1644 1022 1704 iam
1050 1648 1225 1723 gereretur,
1254 1638 1514 1703 Lacedaemoniis
1541 1663 1575 1704 se
1602 1640 1780 1704 adiunxisse

197 1746 359 1825 dicuntur,
387 1749 486 1811 Thuc.
511 1750 552 1823 ΙΙ,
577 1769 601 1810 c.
620 1753 653 1816 9:
687 1747 975 1832 Λακεδαιμονίων
1000 1744 1066 1831 μὲν
1097 1746 1169 1812 olda
1198 1743 1386 1832 ξύμμαχοι·
1417 1741 1686 1839 Πελοποννήσιοι
1713 1744 1780 1831 μὲν

195 1858 234 1920 οἱ
253 1846 349 1928 ἐντός
371 1849 515 1937 Ἰσδμού
536 1851 669 1929 πάντες,
691 1849 782 1946 πλὴν
805 1849 969 1944 Ἀργείων
991 1853 1058 1917 καὶ
1080 1845 1273 1936 Ἀχαιόν·
1298 1848 1428 1928 τούτοις
1451 1852 1488 1920 δι’
1508 1854 1541 1928 ἐς
1557 1851 1780 1943 ἀμφοτέρους

195 1963 296 2051 φιλία
315 1953 372 2051 ἦν·
400 1955 583 2050 Ιλελληνῆς
599 1957 637 2026 δὲ
653 1953 810 2045 Ἀχαιῶν
822 1960 927 2049 μόνοι
942 1960 1193 2044 ξυνεπολόμουν
1209 1956 1249 2026 τό
1266 1956 1411 2049 πρῶτον,
1426 1962 1542 2026 ἔπειτα
1557 1958 1594 2026 δὲ
1608 1956 1780 2050 ὕστερον

194 2065 261 2131 καὶ
294 2067 483 2140 ἅπαντες.
523 2103 566 2115 -
607 2071 712 2150 Atque
742 2067 822 2130 illud
855 2090 986 2158 quoque
1018 2089 1067 2131 me
1099 2069 1175 2128 satis
1208 2069 1312 2128 mirari
1343 2085 1408 2128 non
1442 2087 1537 2149 posse
1570 2064 1686 2140 lateor,
1723 2084 1780 2125 our

194 2172 409 2235 recentiorum
436 2172 747 2256 plerique'Achaiae
773 2177 901 2238 nomine
928 2183 1096 2258 tantopere
1123 2171 1328 2236 offendantur
1353 2168 1408 2232 lib.
1431 2169 1455 2246 l,
1479 2194 1506 2234 c.
1529 2177 1592 2240 115
1622 2166 1779 2256 (ἀναχα-

194 2273 360 2368 ρήοαντςς
383 2276 421 2345 de'
443 2273 514 2346 ύπό
528 2274 695 2365 Εὐβοίας,
718 2276 761 2348 ού
785 2279 901 2367 πολλῷ
922 2277 1063 2372 ὕστερον
1086 2271 1230 2353 σπονδός
1245 2271 1447 2365 ἐποιήσαντο
1462 2281 1546 2370 πρός
1561 2276 1781 2359 ,Λακεδαιμο-

194 2385 288 2458 νίους
309 2385 367 2451 καὶ
388 2377 466 2459 τούς
490 2382 688 2471 ξυμμάχους
707 2383 989 2478 τριακοντούτεις,
1012 2380 1196 2459 οἷποδόντες
1214 2383 1369 2449 Νίσαιαν
1384 2384 1441 2449 καὶ
1458 2378 1581 2475 Πηγας
1594 2383 1652 2448 καὶ
1674 2383 1708 2448 Τ
1703 2407 1780 2472 ροι-

194 2487 277 2584 ζῆνα
291 2491 359 2556 καὶ
373 2484 563 2576 Ἀχαΐαν·
580 2489 691 2560 ταύτα
706 2487 773 2585 yoip
788 2490 885 2579 εἶχον
900 2487 1087 2582 Ἀθηναῖοι
1104 2492 1428 2579 laisowerpum),
1444 2501 1479 2551 ut
1497 2490 1536 2552 ad
1554 2488 1780 2555 diversissimas

195 2595 486 2680 audacissimasque
518 2596 755 2661 emendationes
786 2598 919 2662 abierint
930 2600 972 2680 3);
1000 2621 1071 2661 cum
1094 2618 1152 2660 eos
1176 2617 1242 2659 non
1266 2593 1362 2658 modo
1387 2593 1526 2658 omnium
1550 2598 1617 2659 sine
1640 2592 1705 2658 ulla
1727 2613 1780 2655 va-

196 2698 311 2761 rietate
341 2699 489 2761 codicum
517 2723 693 2766 consensus
723 2701 882 2766 deterrere
912 2702 1068 2777 debuerit,
1099 2702 1155 2765 sed
1182 2700 1260 2763 illud
1284 2700 1414 2763 maxime
1439 2699 1527 2782 quod
1552 2698 1660 2762 eadem
1684 2697 1782 2762 verba

198 2799 252 2863 tib.
269 2803 327 2876 IV,
353 2824 380 2864 c.
397 2809 436 2866 at
463 2813 659 2882 repetantur:
686 2801 878 2877 ἀποδόντας
897 2806 1196 2887 Λακεδαιμονίους
1211 2806 1364 2868 Νίσαιαν
1385 2803 1442 2864 καὶ
1459 2800 1582 2890 Πηγιὶς
1595 2802 1654 2866 καὶ
1677 2804 1782 2894 Τροι-

195 2903 279 2992 ζῆνα
310 2904 368 2971 καὶ
399 2899 558 2989 Ἀχαίαν.
606 2905 822 2991 Quamobrem
849 2907 1023 2972 Bredowio
1035 2908 1061 2983 ⁴)
1093 2906 1275 2983 videbatur,
1307 2913 1343 2968 ut
1375 2907 1483 2989 priora
1516 2905 1640 2968 urbium
1675 2917 1781 2971 essent

193 3011 330 3085 nomina,
353 3012 396 3072 ita
420 3011 536 3072 Achaia
561 3034 690 3096 quoque
715 3013 803 3077 urbis
826 3015 1046 3078 tantummodo
1070 3034 1186 3076 nomen
1210 3012 1318 3074 luisse.
1364 3012 1406 3072 At
1430 3013 1591 3074 cuiusnam
1615 3011 1715 3091 urbis,
1738 3034 1780 3079 ne

195 3113 260 3206 γρῦ
284 3114 426 3198 quidem,
455 3126 490 3178 ut
514 3119 613 3192 aiunt;
643 3121 688 3180 sic
712 3140 821 3182 errore
846 3142 936 3184 error
958 3125 1106 3185 nascitur.
1152 3121 1233 3182 Nam
1256 3127 1376 3180 tautum
1400 3115 1502 3194 abest,
1530 3127 1565 3180 ut
1589 3116 1652 3180 ulla
1675 3139 1780 3181 emen-

197 3220 329 3285 datione
354 3243 436 3305 opus
460 3225 509 3300 sit,
533 3234 567 3286 ut
590 3225 666 3287 mihi
690 3222 816 3308 quidem
840 3227 1002 3289 verissima
1025 3225 1171 3289 videatur
1193 3223 1340 3288 codicum
1356 3222 1461 3285 lectio.
1501 3215 1779 3306 Quemadmodum

194 3324 249 3390 lib.
267 3330 290 3403 1,
306 3343 341 3390 ‘o
361 3333 433 3403 lll,
451 3331 472 3396 3
496 3330 622 3406 Achaei,
645 3330 679 3393 in
704 3334 886 3394 societatem
909 3332 949 3395 ab
967 3329 1215 3395 Atheniensibus
1236 3328 1368 3413 recepti,
1397 3329 1469 3408 (καὶ
1491 3322 1596 3403 eohric
1619 3337 1778 3421 παραλα-

193 3425 354 3520 βόντεςῧ)
377 3428 542 3521 Ἀχαιούς
564 3436 622 3502 καὶ
645 3433 910 3513 διαπλεύσαντες
932 3440 1053 3530 πέραν,
1082 3434 1139 3530 τῆς
1153 3433 1385 3526 Ἀκαρνανίας
1408 3435 1442 3510 ἐς
1469 3429 1637 3510 Οἰνιάδας
1659 3432 1780 3529 ἕστρό·

193 3564 322 3605 τευσαν
347 3541 406 3606 καλ
434 3537 682 3634 ἐπολιόρκουν·
711 3537 752 3608 ου’
779 3544 898 3629 μέντοι
927 3539 1020 3612 εἴλόν
1048 3569 1100 3630 γε,
1129 3538 1204 3609 α’λλ’
1231 3536 1459 3633 οἷπεχύρηοαν
1481 3539 1530 3609 ἐπ’
1552 3544 1683 3622 οἴκου.)
1712 3564 1778 3606 non

195 3663 305 3707 omnes
330 3656 404 3708 sunt
427 3646 631 3732 intelligendi,
656 3647 769 3712 eodem
794 3653 886 3713 etiam
908 3650 1004 3713 modo
1027 3672 1053 3712 c.
1073 3655 1135 3719 115
1156 3672 1191 3712 ea
1208 3647 1276 3711 sola
1295 3647 1430 3712 Achaiae
1446 3671 1527 3732 pars,
1552 3668 1645 3731 quam
1661 3649 1779 3711 Achaei

194 3747 242 3811 illi
268 3751 470 3830 incolebant,
500 3753 705 3839 intelligenda
735 3765 796 3831 est,
828 3777 898 3818 cum
927 3759 1112 3840 praesertim
1140 3758 1283 3843 singulae
1306 3757 1443 3821 Achaiae
1471 3753 1566 3817 urbes
1589 3756 1641 3820 illa
1665 3767 1795 3835 aetate,

195 3855 276 3916 sicut
291 3856 465 3942 pleraeque
481 3858 697 3944 Peloponnesi
713 3859 910 3944 provinciae,
933 3861 1077 3924 nondum
1097 3865 1130 3924 in
1154 3886 1250 3928 unum
1275 3866 1408 3926 civitatis
1433 3884 1549 3946 corpus
1573 3874 1680 3926 essent
1702 3885 1777 3928 con-

222 4119 246 4186 l)
266 4115 296 4171 ln
315 4119 413 4176 ultimis
432 4121 520 4178 verbis
539 4142 597 4176 cnm
616 4132 737 4198 apertum
755 4125 820 4179 insit
836 4126 937 4187 vitium.
955 4144 1004 4180 nec
1022 4135 1049 4181 τὶ
1067 4124 1214 4183 addendum
1234 4135 1293 4197 (κατ’
1309 4154 1336 4184 τι
1355 4127 1400 4196 τῆς
1413 4123 1540 4196 Ἤλιδος)
1559 4144 1608 4180 nec
1624 4133 1704 4201 μέρος
1715 4145 1776 4203 sup·

265 4205 392 4282 plaudam
411 4220 451 4266 est
469 4232 529 4266 cum
548 4208 581 4266 H.
596 4211 738 4288 Stephano,
756 4212 805 4268 sed
824 4212 893 4268 haud
910 4215 965 4268 seio
983 4234 1015 4269 au
1033 4214 1158 4271 articulus
1176 4215 1195 4287 ἠ
1215 4215 1342 4272 exciderit
1360 4222 1420 4285 (καὶ
1437 4213 1453 4284 η’
1471 4217 1520 4284 τῆς
1532 4213 1659 4282 Ἤλιδος)
1678 4217 1775 4271 omisso

265 4294 428 4352 substantivo
446 4299 498 4366 vel,
517 4310 546 4354 ut
564 4300 620 4355 fere
638 4301 678 4368 tit,
696 4301 779 4375 χώρα,
798 4301 841 4357 vel
859 4310 943 4374 μοῖρα
961 4304 1032 4379 quod
1051 4305 1193 4381 praecedit.

222 4385 247 4451 ²)
266 4403 292 4460 p.
305 4389 371 4440 473:
389 4389 522 4450 „Partes
541 4392 598 4445 hue
617 4401 710 4445 sunt:
735 4394 882 4457 Arcadio,
901 4395 1055 4462 Argolico,
1075 4397 1154 4460 Elis,
1174 4396 1342 4456 Messenio,
1362 4394 1526 4450 Laconico.
1564 4397 1613 4448 Em
1628 4395 1678 4448 his
1697 4397 1776 4453 διιος

262 4484 437 4543 postremos
449 4478 685 4534 Lacedaemonii
702 4488 865 4535 ἰοπιιινι.“
899 4477 1083 4539 Valckenarius
1101 4482 1118 4537 l.
1133 4502 1154 4538 c.
1174 4487 1277 4539 nomina
1290 4481 1391 4537 illarum
1405 4485 1520 4558 quinque
1533 4484 1667 4554 regionum
1679 4482 1775 4541 addere

266 4572 310 4616 aut
327 4562 412 4618 noluit
429 4575 474 4621 aut
492 4586 543 4620 uon
562 4570 657 4643 potuit.

224 4651 250 4717 ³)
269 4644 310 4703 Cf.
329 4649 423 4727 Poppo
442 4657 468 4708 in
487 4654 617 4731 supplem.
635 4655 734 4712 adnott.
755 4654 886 4735 P.1V,p.
904 4663 963 4716 134.
981 4669 1009 4715 et
1026 4657 1124 4734 Krueg.
1143 4659 1176 4716 ad
1194 4648 1424 4734 Thucydsloeum.

223 4739 249 4806 ⁴)
267 4735 310 4792 Ad
327 4735 472 4799 Heilmanni
490 4746 639 4800 versionem
657 4746 821 4802 vernaculam
839 4744 871 4804 Τ.
883 4747 916 4818 ll,
934 4770 961 4825 p.
978 4753 1038 4806 584.

221 4829 246 4894 ⁵)
266 4824 355 4883 Sahal.
375 4830 412 4888 eis
430 4839 583 4906 συμμαχίαν
602 4833 736 4904 δηλονότι.
