3952 5648
965 706 1026 769 DE

497 942 922 1094 ruuornrnn
959 943 1055 1088 11
1092 861 1488 1090 nunonem

300 1261 778 1368 quhs'rioiiuiu
811 1261 1311 1350 uisxossioaituiu
1346 1261 1694 1353 suricinium

209 1727 339 1872 Graeci
363 1830 433 1871 cum
457 1807 605 1872 omnibus
628 1806 748 1870 artibus
778 1806 873 1891 longe
902 1810 985 1871 inter
1014 1816 1137 1872 veteres
1165 1806 1306 1892 populos
1336 1809 1575 1891 praestiterunt,
1603 1815 1668 1868 tum
1695 1828 1786 1891 prae-

207 1917 301 2000 cipue
321 1914 481 1977 historiam
503 1925 533 1978 ci
550 1917 745 1990 invenerunt,
769 1914 853 1976 etad
871 1936 1019 1976 summam
1035 1935 1137 1999 paene
1153 1913 1382 1996 perfectionem
1397 1911 1625 1996 perduxerunt;
1648 1916 1786 1977 omnium

207 2031 311 2084 autem
340 2042 445 2083 rerum
474 2025 663 2106 scriptorum
687 2017 908 2102 Thucydidem
932 2019 1017 2082 haud
1042 2017 1139 2081 dubie
1162 2020 1371 2103 principatum
1397 2017 1573 2081 obtinuisse
1597 2020 1678 2080 inter
1700 2020 1786 2082 viros

208 2124 352 2190 eruditos
369 2132 443 2190 satis
465 2137 597 2190 constat.
637 2127 749 2210 ltaque
768 2124 967 2189 herodotum
992 2123 1117 2209 quidem
1141 2135 1283 2208 patrem
1307 2125 1542 2205 historiae¹),
1565 2122 1788 2208 Thucydidem

207 2254 284 2297 vero
308 2226 383 2300 τόν
405 2234 640 2328 συγγραφέα
652 2233 688 2314 ²),
712 2234 804 2294 sicuti
825 2233 1000 2295 Homerum
1022 2227 1096 2297 τόν
1117 2224 1308 2319 ποιητήν,
1330 2225 1402 2296 κατ’
1426 2224 1552 2323 ἕξοχήν
1575 2229 1786 2315 appellabant.

207 2338 272 2404 Sed
296 2362 367 2403 cum
391 2343 550 2403 enarratio
574 2361 677 2401 rerum
701 2337 789 2401 bello
813 2335 1090 2422 Peloponnesiaco
1114 2344 1270 2419 gestarum
1294 2337 1362 2419 ipsa
1386 2346 1416 2398 et
1441 2337 1483 2399 ob
1508 2358 1671 2415 summam,
1696 2358 1788 2420 quam

207 2444 360 2524 adhibuit,
385 2468 489 2509 curam
507 2468 544 2508 11
560 2444 751 2530 diligentiam
767 2447 799 2506 in
818 2442 1018 2528 exquirendis
1035 2440 1350 2527 pervestigandisque
1367 2445 1448 2504 veris
1465 2441 1649 2520 rationibus,
1672 2442 1788 2526 quibus

206 2551 364 2635 ingentem
388 2551 530 2615 laborem
543 2551 569 2632 ³)
595 2561 625 2614 et
648 2562 793 2635 sumptus
817 2550 899 2613 adeo
922 2548 1076 2633 impendit
1098 2550 1257 2626 maximos,
1281 2557 1312 2610 et
1328 2546 1371 2611 ob
1388 2547 1575 2611 uberrimam
1596 2552 1789 2635 maximeque

208 2657 410 2736 perspicuam
440 2658 680 2738 explicationem
713 2667 807 2744 atque
839 2655 1094 2740 explanationem
1125 2657 1251 2717 summis
1282 2675 1407 2736 semper
1437 2654 1603 2716 efferretur
1631 2654 1788 2732 laudibus,

209 2757 288 2820 nihil
311 2768 414 2818 tamen
437 2762 532 2837 magis
556 2761 628 2816 mihi
654 2759 780 2838 quidem
804 2758 1016 2835 admiratione
1034 2754 1160 2838 dignum
1183 2755 1285 2815 videri
1309 2752 1399 2830 solet,
1425 2774 1518 2837 quam
1535 2755 1623 2840 quod
1640 2779 1684 2838 ca,
1708 2780 1789 2843 quae

207 2863 280 2925 huic
311 2859 399 2923 bcllo
431 2863 601 2942 praemissa
632 2863 735 2945 primo
767 2859 850 2924 libro
884 2862 1099 2936 continentur,
1131 2862 1361 2944 perscripserit.
1408 2860 1445 2923 ln
1474 2882 1538 2944 quo
1567 2865 1699 2947 primum
1722 2885 1789 2929 nou

189 2967 312 3032 0s0lum
344 2968 412 3029 veri
441 2965 664 3029 studiosissimi
695 2977 726 3030 ct
755 2965 923 3030 acutissimi
956 2966 1097 3029 historici
1128 2988 1242 3029 munus
1267 2969 1353 3031 omni
1376 2989 1412 3030 ex
1436 2978 1526 3050 parte
1550 2969 1698 3052 explevit,
1730 2969 1789 3034 sed

209 3077 302 3137 ctiam
332 3074 439 3136 futuro
470 3074 568 3134 cuivis
597 3094 701 3136 rerum
724 3077 872 3159 scriptori
897 3072 973 3158 quid
997 3075 1125 3134 maxime
1149 3072 1370 3156 spectandum,
1402 3072 1478 3157 quid
1501 3072 1726 3158 praestandum
1749 3078 1789 3139 sit

208 3179 456 3243 luculentissime
492 3177 641 3243 ostendit.
687 3179 814 3244 Deinde
848 3200 959 3243 omnes
992 3177 1224 3262 propemodum
1254 3202 1317 3257 res,
1353 3201 1434 3263 quae
1463 3189 1536 3242 ante
1564 3179 1643 3243 illud
1671 3178 1789 3245 bellum

111 3338 113 3342 .
208 3285 382 3350 aGraccis
406 3295 490 3347 terra
513 3287 653 3368 marique
668 3298 779 3372 'gestae
804 3298 907 3365 erant,
938 3288 1077 3369 quamvis
1102 3289 1224 3368 paucis,
1254 3296 1315 3349 tam
1340 3284 1506 3370 diligenter
1529 3285 1709 3369 complexus
1734 3297 1788 3366 est,

208 3403 332 3456 utnon
355 3391 453 3454 modo
478 3378 593 3453 bollum
617 3392 925 3477 Peloponnesiacum
949 3395 1065 3475 ipsum,
1095 3390 1153 3453 scd
1177 3391 1400 3468 universalem,
1424 3402 1458 3454 ut
1480 3395 1522 3454 111
1547 3391 1662 3469 dicam,
1688 3391 1788 3458 Grae-

209 3519 318 3562 corum
342 3497 502 3560 historiam
527 3501 707 3582 posteritati
731 3497 854 3561 tradere
877 3497 1019 3560 voluisse
1041 3496 1195 3560 videatur.
1241 3495 1277 3559 ld
1302 3509 1405 3559 autem
1434 3518 1555 3560 summo
1579 3498 1715 3563 artificio
1739 3522 1788 3563 as·

208 3615 336 3668 secutus
362 3614 418 3667 est.
463 3604 543 3666 Nem
567 3626 637 3667 curn
661 3626 728 3666 eam
752 3602 795 3667 oh
821 3626 962 3667 caussam
986 3605 1121 3665 animum
1145 3602 1184 3665 ad
1210 3601 1477 3666 conscribendum
1500 3603 1578 3667 illud
1595 3604 1713 3668 bellum
1727 3609 1788 3670 iam

209 3713 312 3773 statim
336 3709 375 3772 ab
399 3711 505 3786 initio,
530 3731 594 3793 quo
618 3719 760 3774 exortum
785 3720 864 3787 erat,
888 3731 957 3773 sese
982 3707 1159 3794 applicasse
1182 3708 1385 3794 profiteatur,
1409 3709 1496 3793 quod
1521 3714 1732 3795 gravissimum
1754 3711 1788 3776 id

208 3818 403 3899 maximeque
426 3815 630 3879 memorabile
653 3817 801 3890 omnium,
826 3837 907 3898 quae
931 3831 1069 3899 unquam
1094 3825 1184 3878 antea
1209 3815 1788 3900 16111111ς11111υ111111,11111111111

208 3924 390 4007 speraverit,
414 3943 478 4013 quo
503 3922 566 3984 hoc
587 3919 709 3984 facilius
732 3943 748 3983 1
773 3920 948 3983 lectoribus
971 3924 1188 4006 perspiciatur,
1213 3944 1283 3984 cum
1307 3920 1453 3986 omnibus
1475 3923 1694 4007 superioribus
1709 3936 1787 3989 iem-

208 4026 343 4114 poribus
373 4026 452 4090 illud
484 4038 657 4113 comparat,
693 4037 723 4091 et
754 4029 796 4089 ita
829 4025 955 4110 quidem
988 4038 1162 4113 comparat,
1193 4038 1228 4091 ut
1259 4030 1392 4112 primum
1422 4026 1462 4090 dc
1484 4029 1535 4106 iis,
1567 4052 1647 4114 quae
1669 4029 1787 4095 bellum

209 4135 383 4198 Troianum
413 4144 669 4218 praecesserunt,
700 4132 816 4198 deinde
846 4131 886 4196 de
914 4134 976 4195 hoc
998 4135 1070 4218 ipso
1093 4133 1194 4210 bello,
1224 4144 1289 4195 tum
1314 4133 1451 4219 deniqne
1474 4132 1515 4197 de
1538 4137 1590 4213 iis,
1622 4159 1702 4222 quae
1724 4137 1787 4200 hoc

210 4251 317 4302 secuta
349 4250 438 4316 sunt,
473 4239 628 4304 adiunctis
657 4244 748 4304 etiam
778 4238 871 4303 bellis
900 4240 1050 4318 Persicis,
1084 4239 1234 4324 disputet.
1283 4238 1357 4324 Qua
1384 4242 1415 4301 in
1445 4239 1666 4328 disquisitione
1694 4264 1787 4327 quam

211 4357 335 4410 acutum
358 4367 396 4407 11
419 4344 564 4409 subtilem
588 4367 644 4408 seu
667 4342 823 4436 κριτικόν
846 4367 881 4408 11
905 4344 1087 4430 praebuerit
1110 4345 1245 4409 iudicem
1268 4368 1435 4431 rerumque
1459 4350 1697 4411 existimatorem
1719 4369 1787 4414 non

210 4472 293 4539 opus
315 4461 361 4514 est
385 4460 420 4513 ut
444 4453 563 4534 peritos
587 4472 744 4527 moneam;
768 4450 923 4536 siquidem
946 4449 999 4513 illa
1022 4453 1132 4536 viginti
1154 4454 1212 4514 tria
1235 4451 1326 4536 primi
1349 4452 1422 4516 libri
1446 4459 1557 4540 capita,
1581 4452 1668 4537 quod
1689 4455 1785 4541 vulgo

209 4558 407 4644 prooemium
436 4559 543 4620 vocari
567 4555 662 4634 solet,
691 4558 847 4644 singulare
869 4559 954 4620 omni
978 4567 1079 4621 aetate
1103 4558 1260 4643 exemplar
1281 4559 1413 4644 perlecti
1436 4557 1574 4623 historici
1598 4558 1786 4646 subactique

238 4790 261 4856 ¹)
281 4783 336 4842 Cic.
355 4784 389 4841 de
406 4784 472 4860 legg.
491 4784 511 4856 l,
533 4790 555 4854 1,
573 4791 599 4842 5.
618 4818 651 4830 -
674 4790 697 4856 2)
716 4783 753 4840 111
772 4783 937 4842 Marcellinus
955 4789 1118 4863 saepissime,
1138 4785 1240 4856 Suidas,
1260 4786 1311 4842 alii.
1331 4819 1364 4830 -
1386 4791 1411 4855 8)
1431 4781 1514 4845 Thuc.
1533 4785 1552 4855 i,
1571 4791 1615 4853 22,
1634 4790 1659 4844 3.

1562 4899 1577 4948 l
