3952 5648
922 246 1077 376 El„

210 499 339 564 quoqne
361 473 700 550 Lacedaemoniorum,
724 483 838 559 utpote
861 482 990 537 senatus
1013 470 1097 536 haud
1120 471 1218 538 duhie
1242 474 1439 558 praesidum,
1462 477 1624 561 sulliagia,
1649 477 1794 560 quamvis

210 588 342 633 numero
365 587 431 628 non
454 561 700 648 praevaluerint,
728 564 854 626 maioris
877 571 981 626 tamen
1004 582 1096 646 quam
1120 572 1299 626 ceterorum
1322 574 1503 628 senatorum
1526 568 1559 629 in
1581 561 1796 627 decernendis

210 656 307 721 rebus
334 655 485 718 momenti
516 651 612 715 fuisse
634 650 891 715 verisimillimum
914 659 970 714 est.
1017 649 1270 714 Concedendum
1295 661 1398 715 tamen
1423 662 1484 728 est,
1513 652 1581 716 aliis
1604 651 1795 737 plerumque

210 745 297 821 locis,
322 745 376 828 qui
401 738 565 834 ἰσόψηφοι
589 737 747 810 dicuntur,
770 743 839 824 pari
862 759 917 802 cos
940 737 1038 802 fuisse
1062 740 1251 803 auctoritate
1267 737 1376 815 videri,
1399 751 1434 803 ut
1448 742 1547 805 Thuc.
1571 738 1625 803 lib.
1639 739 1695 815 ΙΙΙ,
1711 761 1737 802 c.
1752 743 1795 808 79

212 845 299 897 extra
327 830 372 920 τῇ
394 825 421 897 d'
444 829 605 920 ὑστεραίᾳ
627 829 678 895 e’ul
698 825 764 913 μὲν
785 824 846 918 τήν
870 821 971 893 πόλιν
993 823 1098 895 οὐδὲν
1119 825 1256 913 μᾶλλον
1279 827 1455 909 ἐπίπλεον,
1480 832 1601 920 ναίτιερ
1623 828 1662 895 ἐν
1684 826 1794 914 πολλῇ

211 919 347 1014 ταραχῇ
363 919 420 985 καὶ
434 913 536 1012 φόβῳ
552 914 664 992 ὄντας,
679 918 736 982 καὶ
750 917 926 1008 Βρασίδου
942 913 1199 1008 παραινοῦντος,
1223 913 1268 991 τός
1281 915 1422 1020 λέγεται,
1444 916 1596 1003 Ἀλκίδα,
1619 912 1793 1008 ι’σοιγήφου

212 1009 251 1078 dd
272 1008 333 1075 οὐκ
355 1002 461 1082 ὄντος.
508 1003 629 1067 Herod.
653 1005 706 1067 lih.
736 1006 795 1080 Vl,
824 1028 849 1067 c.
875 1009 950 1073 109:
985 1000 1024 1071 ro*
1046 1001 1196 1072 παλαιόν
1227 1000 1294 1096 γοὶρ
1325 1005 1504 1090 Αθηναῖοι
1524 1005 1711 1097 ὁμόψηφον
1733 998 1794 1072 τόν

1461 1088 1470 1108 h

213 1097 432 1187 πολέμαρχον
455 1092 625 1162 ἐποιεῦντο
649 1099 735 1160 τοῖσι
758 1098 1000 1185 στρατηγοῖσι,
1028 1091 1105 1155 ibid.
1134 1094 1211 1169 Vll,
1238 1097 1314 1161 149:
1348 1095 1405 1160 καὶ
1428 1097 1469 1188 (λη
1492 1095 1618 1179 λέγειν,
1646 1094 1705 1185 οφλ
1726 1092 1796 1193 μὲν

212 1184 301 1255 εἶναι
322 1183 382 1252 δύο
405 1182 583 1272 βασιλῆας,
599 1178 785 1273 Ἀργείοισι
807 1181 845 1249 (λε’
868 1184 945 1246 ἕνα·
969 1175 1079 1247 οὔκων
1102 1176 1255 1249 δυνατόν
1278 1177 1447 1248 εἶναιτῶν
1463 1181 1500 1248 ἐκ
1520 1177 1677 1273 Σπάρτης
1691 1180 1796 1249 ουδ’ἔ-

215 1300 312 1376 repon
341 1272 468 1339 τταῦσαι
496 1270 555 1359 τῆς
583 1269 777 1358 ἡγεμονίης,
806 1263 893 1354 μετοῖ
920 1267 958 1336 de'
981 1263 1043 1335 odo
1066 1272 1132 1336 τῶν
1154 1269 1322 1363 σφετέρων
1344 1265 1531 1365 ὁμόψηφον
1554 1266 1616 1338 τόν
1637 1265 1798 1363 Ἀργεῖον

211 1374 315 1438 εἰναι,
346 1355 488 1428 κωλύειν
511 1358 621 1426 οὐδέν.
646 1358 774 1420 -Iam
797 1380 889 1432 vero,
913 1361 939 1420 si
963 1359 1137 1442 quaeritur,
1169 1378 1302 1442 quanam
1325 1356 1454 1422 tandem
1476 1363 1612 1435 ratione,
1644 1354 1797 1443 quicquid

214 1450 254 1514 de
278 1451 476 1513 dissensione
499 1451 567 1532 ipsa
591 1445 799 1523 statuendum,
823 1446 900 1509 falsa
924 1449 982 1508 ista
1006 1449 1117 1531 opinio
1133 1449 1165 1509 in
1182 1468 1216 1509 re
1232 1455 1293 1508 tam
1310 1445 1392 1509 clara
1409 1457 1505 1535 atque
1520 1451 1552 1510 in
1569 1456 1654 1511 tanta
1670 1445 1797 1510 urbium

214 1539 408 1604 Athenarum
437 1547 467 1600 et
496 1534 748 1600 Lacedaemonis
778 1536 1019 1619 propinquitate
1045 1534 1205 1599 hominum
1233 1544 1354 1599 mentes
1383 1539 1603 1621 occupaverit,
1631 1537 1690 1599 etsi
1718 1537 1799 1597 certi

215 1630 381 1712 quicquam
405 1623 558 1716 quodque
582 1627 666 1687 omni
691 1645 728 1686 ex
751 1634 840 1707 parte
863 1623 1035 1686 satisfaciat
1057 1623 1164 1687 afferri
1188 1625 1312 1711 nequit,
1345 1624 1667 1689 Lacedaemoniorum
1691 1632 1797 1686 tamen

213 1714 409 1800 reipublicae
432 1725 547 1777 statum
571 1723 601 1775 et
624 1710 841 1776 conditionem
864 1714 961 1795 ipsam
987 1710 1087 1795 qualis
1112 1711 1204 1774 luerit
1227 1715 1254 1773 si
1277 1721 1378 1774 tecum
1403 1715 1607 1797 reputaveris,
1631 1711 1735 1796 aliqua
1760 1730 1797 1772 ex

215 1814 305 1889 parte
335 1803 472 1866 fortasse
501 1799 580 1864 illud
608 1803 727 1884 percipi
758 1802 886 1884 poterit.
932 1798 1174 1884 Antiquioribus
1204 1801 1286 1862 enim
1311 1799 1507 1885 temporibus
1531 1800 1612 1864 hanc
1635 1799 1798 1861 civitatem

214 1891 388 1956 secuudum
406 1892 544 1974 Lycurgi
566 1889 651 1974 leges
676 1891 848 1951 institutam
871 1887 968 1950 luisse
991 1899 1116 1952 constat
1139 1889 1200 1952 hoc
1222 1887 1329 1967 modo,
1353 1900 1387 1952 ut
1410 1910 1515 1974 neque
1531 1888 1697 1976 Spartiatis
1713 1885 1798 1949 ultra

215 1981 296 2045 fines
325 1981 419 2064 patrii
448 1977 509 2042 soli
538 1988 743 2042 mercaturam
772 1977 890 2052 lacere,
923 1986 977 2039 aut
1005 1981 1136 2040 omnino
1166 1977 1297 2041 iuvenili
1322 1987 1406 2040 certe
1428 1987 1532 2041 aetate
1556 1977 1673 2041 alienas
1698 1984 1801 2038 terras

214 2090 393 2154 peragrare,
414 2088 519 2150 neque
542 2069 656 2130 ceteris
680 2065 813 2129 Graccis
838 2064 955 2128 diutius
972 2065 1106 2148 Spartae
1128 2067 1316 2129 commorari
1339 2086 1526 2130 concessum
1544 2065 1671 2147 esset¹);
1697 2061 1801 2148 idque

215 2180 283 2221 eam
307 2158 477 2241 praecipue
501 2153 544 2218 ob
569 2176 722 2229 caussam,
746 2175 787 2215 ne
811 2155 942 2237 cognitis
966 2153 1097 2216 aliorum
1120 2153 1316 2238 populorum
1338 2153 1481 2218 moribus
1503 2156 1734 2238 institutisque,
1758 2151 1801 2215 ad

214 2248 298 2307 vitae
312 2244 540 2307 iucunditatem
556 2241 649 2327 longe
665 2239 1013 2320 accommodatioribus,
1037 2241 1111 2304 fluxi
1128 2262 1165 2303 ac
1181 2240 1301 2305 debiles
1317 2243 1477 2306 hominum
1494 2245 1587 2306 animi
1603 2265 1621 2305 a
1636 2242 1801 2306 severiore

215 2333 271 2397 illo
288 2343 318 2396 et
333 2330 511 2396 horridiore
527 2331 615 2395 cultu
631 2332 780 2414 victuque
796 2327 961 2392 discedere
977 2340 1131 2414 cuperent
1142 2331 1179 2410 9).
1217 2332 1367 2393 Provecti
1383 2340 1486 2394 autem
1503 2341 1612 2410 aetate,
1636 2327 1801 2413 rebusque

216 2424 280 2485 suis
309 2423 370 2483 iam
399 2419 581 2497 assuefacti,
610 2440 691 2503 quae
721 2441 739 2480 a
767 2428 945 2480 ceterorum
970 2416 1170 2481 Graecorum
1199 2417 1432 2482 consuetudine
1459 2441 1496 2481 ac
1525 2421 1588 2482 vita
1612 2421 1801 2481 immensum

218 2520 369 2594 quantum
393 2508 615 2584 abhorrebant,
638 2509 729 2570 etiam
753 2505 935 2582 noluerunt,
959 2527 996 2567 ac
1018 2527 1122 2590 prope
1146 2504 1276 2569 dixerim
1299 2528 1340 2569 ne
1363 2517 1540 2592 potuerunt
1563 2506 1691 2592 quidem
1710 2526 1803 2569 suam
1874 2536 1879 2557 ι

215 2608 330 2662 terram
361 2596 553 2680 relinquere.
600 2593 728 2679 Quibus
756 2616 792 2657 ex
822 2597 940 2656 caussis
970 2615 1066 2677 quum
1088 2605 1231 2679 apertum
1255 2597 1309 2671 sit,
1338 2594 1458 2658 nullum
1481 2593 1717 2680 propemodum
1741 2612 1803 2680 pcr

215 2687 341 2770 longum
366 2687 518 2767 temporis
541 2687 675 2766 spatium
693 2682 952 2744 Lacedaemoniis
977 2704 1047 2745 cum
1070 2686 1182 2745 ceteris
1204 2680 1350 2766 gentihus
1373 2682 1470 2748 luisse
1486 2683 1716 2761 commercium,
1740 2685 1805 2747 iam

216 2793 282 2838 non
310 2771 391 2831 adeo
421 2773 525 2830 mirari
553 2768 720 2844 dehemus,
753 2767 843 2852 quod
871 2778 956 2829 tanta
985 2768 1084 2851 caligo
1118 2768 1158 2831 de
1187 2769 1284 2832 rebus
1312 2769 1571 2835 Lacedaemoniis
1601 2771 1804 2836 Graecorum

218 2861 327 2923 animis
355 2856 459 2921 offusa
488 2865 547 2931 est,
580 2852 733 2937 quodque
761 2857 796 2916 in
823 2854 910 2915 illum
939 2875 1068 2937 quoque
1092 2875 1230 2918 errorem
1254 2877 1288 2918 se
1311 2856 1420 2918 induci
1443 2862 1528 2941 passi
1552 2868 1641 2936 sunt,
1670 2868 1706 2924 ut
1729 2881 1805 2923 cunr

216 2949 340 3012 senatui
363 2942 518 3007 assedisse
543 2942 773 3025 Spartanorum
795 2961 895 3024 reges,
919 2939 1049 3025 duoque
1068 2941 1178 3006 tulisse
1200 2943 1348 3028 suffragia
1362 2943 1461 3009 lando
1478 2944 1647 3025 audissent,
1670 2947 1806 3033 singulis

216 3035 326 3100 eadem
349 3030 476 3117 regibus
499 3039 656 3113 tamquam
679 3032 928 3114 praerogativam
952 3028 1111 3113 quandam
1133 3030 1301 3095 tribuenda
1323 3043 1483 3117 putarent.
1754 3086 1758 3091 .

348 3121 491 3186 Alterum
522 3113 676 3209 α’κρισίας
707 3128 737 3179 et
767 3117 903 3180 levitatis
937 3117 1132 3183 Graecorum
1165 3121 1355 3206 exemplum,
1386 3133 1418 3186 et
1447 3126 1553 3209 ipsum
1585 3145 1603 3187 a
1632 3125 1806 3191 Laconicis

217 3212 367 3278 institutis
382 3211 522 3294 petitum,
546 3203 655 3293 λόχον
671 3200 876 3292 Πιτανότην
892 3206 1151 3272 Lacedaemoniis
1167 3209 1264 3274 luisse
1280 3213 1528 3290 existimantium,
1551 3233 1646 3296 quem
1661 3234 1805 3299 unquam

220 3303 374 3367 exstitisse
398 3319 458 3382 pro
482 3305 571 3360 certo
595 3303 689 3379 negat
711 3287 920 3378 Thucydides
953 3297 1032 3376 (καὶ
1054 3291 1114 3363 τόν
1136 3297 1339 3388 Πιτανότην
1361 3294 1469 3386 λόχον
1491 3297 1607 3378 αὐτοῖς
1629 3296 1737 3385 εἶναι,
1762 3299 1806 3380 ὃς

217 3385 288 3457 οὐδ’
303 3387 434 3472 ἐγένετο
449 3379 591 3466 nonore)
607 3385 651 3446 ita
667 3392 882 3467 comparatum
898 3382 1049 3463 videmus,
1072 3395 1107 3447 ut
1123 3405 1189 3448 non
1205 3389 1323 3470 pariter
1338 3387 1425 3472 apud
1441 3388 1644 3455 Herodotum
1661 3410 1804 3475 quoque,

218 3500 288 3541 cum
317 3475 406 3538 multi
433 3470 563 3536 eandem
589 3474 622 3534 in
652 3492 687 3533 se
711 3470 893 3534 admiserint
915 3471 1053 3556 culpam,
1082 3475 1276 3552 inveniatur,
1309 3476 1366 3537 sed
1392 3498 1409 3538 a
1432 3476 1522 3540 nullo
1545 3476 1608 3542 alio
1634 3488 1804 3563 praeterea

217 3575 372 3640 veterum,
400 3583 482 3647 quos
510 3581 596 3623 nunc
626 3558 754 3643 quidem
783 3557 947 3635 habemus,
975 3564 1166 3645 scriptorum
1189 3561 1425 3647 comprobetur.
1471 3565 1586 3649 Neque
1608 3586 1686 3630 vero
1709 3569 1744 3630 in
1767 3588 1805 3631 re

221 3655 329 3737 exigua
353 3672 390 3713 ac
413 3647 610 3734 perobscura
633 3646 671 3713 ab
696 3646 865 3712 Herodoto
890 3650 958 3711 eius
982 3644 1094 3737 λόχου
1116 3653 1235 3715 mentio
1258 3651 1309 3728 fit,
1332 3651 1389 3714 sed
1410 3655 1443 3715 in
1466 3652 1662 3719 nobilissima
1685 3664 1718 3718 et
1740 3677 1805 3721 no·

219 3747 343 3818 tissima,
366 3737 423 3803 uhi
445 3759 580 3823 peccare
601 3739 814 3822 turpissimum
831 3747 886 3814 est,
910 3746 1004 3822 atque
1020 3737 1101 3802 adeo
1117 3760 1157 3803 ne
1173 3739 1339 3804 ferendum
1356 3739 1485 3824 quidem
1499 3745 1532 3806 in
1547 3742 1804 3827 locupletissimo

219 3839 356 3894 auctore.
401 3828 547 3911 Namque
569 3824 621 3888 illa
645 3835 756 3903 nocte,
785 3847 866 3910 quae
888 3847 1023 3911 pugnam
1048 3826 1262 3890 Plataeensem
1287 3834 1429 3914 proxime
1452 3833 1637 3916 praecessit,
1661 3852 1732 3895 cum
1758 3832 1804 3896 ob

219 3939 320 4003 aquae
345 3927 599 3998 commeatusque
622 3916 785 3999 penuriam
808 3913 939 3999 aliisque
955 3913 1144 3999 quibusdam
1160 3914 1200 3980 de
1217 3917 1336 3979 caussis
1353 3938 1460 3981 omnes
1475 3917 1804 3984 Lacedaemoniorum

220 4006 318 4071 duces
341 4004 517 4069 Pausaniae
548 4000 712 4065 consilium
736 4012 909 4066 castrorum
933 4002 1162 4068 movendorum
1186 4003 1390 4088 probassent,
1419 4028 1502 4070 unus
1526 4008 1804 4092 Amompbaretus,

219 4098 272 4181 qui
282 4093 326 4158 illi
344 4095 555 4156 Pitauetarum
570 4091 692 4154 cohorti
704 4101 849 4174 praeerat
863 4094 1052 4185 (λοχηγέων
1062 4091 1125 4160 τοῦ
1136 4094 1358 4181 Πιτανητέων
1369 4090 1487 4181 λόχου,
1503 4093 1627 4161 Herod.
1641 4097 1693 4174 lX,
1706 4117 1732 4159 c.
1742 4101 1804 4180 53)

218 4247 427 4260 -ι--ί-

244 4329 268 4391 ¹)
289 4323 332 4377 De
355 4319 501 4388 ξενηλασίᾳ
524 4317 576 4374 rid.
596 4317 679 4374 Thuc.
697 4319 717 4376 1.
737 4339 760 4374 e.
780 4320 831 4373 144
850 4327 877 4373 et
894 4317 928 4390 II.
946 4338 967 4373 e.
986 4321 1029 4375 39.
1068 4316 1167 4375 Mauso.
1190 4317 1283 4395 Sparta
1302 4320 1322 4377 1.
1341 4342 1367 4399 ρ.
1387 4326 1446 4380 159.
1483 4321 1596 4379 Boeelrh.
1620 4322 1664 4380 dle
1681 4321 1804 4382 Staatah.

289 4393 337 4448 der
355 4390 481 4453 Athener,
500 4388 531 4443 11.
550 4410 576 4466 p.
590 4395 641 4447 135
659 4410 718 4466 sqq.

244 4485 270 4550 ²)
290 4477 408 4576 'lt-huqyd.
426 4476 447 4534 l.
466 4496 493 4568 c.³
502 4482 628 4566 77,⁰¹if;,²
647 4476 752 4564 ἄμοιρα
769 4478 821 4550 γὰρ
840 4479 874 4564 τό
892 4500 921 4534 τε
940 4476 1006 4566 eqd:
1023 4477 1329 4607 ipeis‘uffqou‘s‘vdprpu
1347 4491 1405 4578 τοῖρ
1422 4481 1511 4539 ἄλλοις
1528 4486 1606 4570 ἔχετε,
1621 4491 1671 4568 frui
1687 4485 1805 4556 updseu

288 4569 459 4700 rasum
479 4550 1010 4692 airammumiae‚ut
1024 4571 1066 4695 lt
1084 4553 1197 4686 ectr
1215 4552 1805 4699 retrusum·,thesaurisas

288 4698 341 4750 vita
358 4690 492 4767 Lycurgi)
515 4689 682 4747 ἀπαιδεύτων
704 4691 863 4761 μετάσχωσι.
899 4698 955 4748 Καὶ
979 4693 1136 4763 ξενηλασίας
1160 4693 1188 4750 δὲ
1212 4693 1380 4769 εἰσηγήσατο,
1404 4693 1476 4752 ὅπως
1494 4695 1523 4750 οἱ
1537 4714 1634 4767 stupeis
1649 4702 1742 4762 ,ίοντις
1758 4703 1804 4770 μή

287 4761 638 4912 ηλρρίριροηληρῃέρέρξιτινοε
655 4766 709 4817 τοῖς
726 4764 849 4819 πολίταις
866 4761 1010 4835 όπόρχωσι.
1047 4762 1122 4820 ldetn
1140 4767 1191 4822 vlla
1210 4762 1324 4843 Lycurgi
1342 4786 1369 4845 p.
1385 4771 1420 4826 56
1438 4767 1469 4823 C.
1487 4765 1533 4832 D.,
1552 4766 1598 4823 uhi
1615 4719 1804 4842 Thucydidem
