3952 5648
925 256 1081 390 eq

214 499 391 574 temporum
414 486 603 564 discrimme,
625 483 658 548 id
683 483 771 569 quod
793 486 826 546 in
848 503 952 546 rerum
976 482 1164 564 scriptorem
1180 481 1304 542 minime
1320 480 1479 554 convenit,
1504 496 1634 562 prorsus
1651 473 1797 560 neglecta

215 617 252 659 ac
274 591 457 679 perturbata
480 591 585 669 vellet,
608 590 743 674 relinqui
765 611 832 654 non
855 597 974 673 posset.
1023 584 1237 670 Quamobrem
1261 584 1339 648 illud
1355 588 1414 648 iam
1430 583 1525 648 nobis
1540 577 1798 645 verisimiIIImum

216 699 315 763 videri
339 699 446 776 debet,
476 708 576 762 totum
601 697 685 760 hunc
708 696 813 760 locum
837 693 999 777 aliquanto
1025 701 1097 755 ante
1119 693 1231 754 initum
1253 689 1372 756 bellum
1397 689 1702 776 Peloponnesiacum
1724 705 1798 770 per-

215 809 366 892 scriptum
396 826 477 882 esse,
506 802 655 888 idemque
685 805 776 866 etiam
804 797 1022 862 Valckenario
1052 796 1288 882 quodammodo
1317 800 1350 861 in
1378 805 1512 861 mentem
1540 796 1667 857 venisse
1690 789 1798 866 video,

217 915 271 997 qui
294 915 337 975 ita
359 909 481 974 scribit:
516 907 623 996 „Quo
652 916 804 993 tempore
831 912 963 969 terrem
987 901 1133 968 movisse
1155 900 1342 966 secundem
1369 897 1594 991 Thucydidem
1617 905 1800 963 senserunt

215 1015 318 1096 Delii,
343 1015 428 1082 vixit
451 1013 584 1105 quidem
599 1011 809 1092 Herodotus,
835 1008 898 1075 sed
917 1007 1003 1074 doec
1025 1007 1095 1071 iam
1117 1005 1197 1071 olim
1213 1005 1339 1093 scrrjoto
1358 1007 1560 1096 consignato
1575 1002 1703 1068 dudum
1718 1010 1800 1067 arcte

219 1121 350 1186 videtur
373 1121 408 1186 in
432 1119 549 1209 vulgus
574 1118 779 1195 errrr'sr'see¹);
803 1126 840 1182 ut
862 1115 948 1182 adeo
967 1112 1076 1180 Delus
1101 1111 1171 1198 ipsi
1190 1111 1260 1176 dici
1274 1112 1437 1199 potuerit,
1462 1112 1496 1179 si
1511 1135 1588 1177 cera
1603 1106 1801 1176 narrabunt

217 1226 320 1310 Delii,
345 1237 417 1292 tum
441 1225 601 1314 temporis
624 1224 820 1317 salopsire
842 1224 902 1290 καὶ
924 1219 1051 1290 ὕστατα
1066 1221 1170 1312 μέχρι
1185 1219 1267 1306 ἐμεῦ
1282 1223 1489 1288 σεισθεῖσα.“
1527 1220 1608 1284 Nam
1624 1216 1657 1282 id
1671 1215 1802 1303 quidem
1834 1285 1840 1292 Ι

218 1332 357 1398 dubitari
379 1334 502 1417 nequit,
526 1335 602 1416 quin
626 1332 726 1397 multo
749 1340 823 1415 post
847 1329 1027 1393 Artaxerxis
1049 1336 1182 1391 mortem
1206 1327 1284 1390 haec
1306 1330 1423 1412 scripta
1447 1349 1517 1391 esse
1539 1335 1607 1390 non'
1630 1327 1803 1411 potuerint.

217 1439 374 1524 Alioquin
395 1437 473 1503 illud
495 1440 668 1523 insequens
691 1439 842 1523 temporis
865 1439 1000 1521 spatium
1025 1455 1065 1497 eo
1088 1434 1191 1495 minus
1215 1434 1368 1498 historico
1393 1444 1458 1497 erat
1481 1428 1805 1519 praetermittendum,

219 1565 285 1631 quo
309 1544 401 1629 plura
423 1543 511 1610 hello
535 1542 733 1629 procedente
756 1545 944 1606 exstiterunt
965 1560 1076 1604 eorum
1099 1538 1279 1626 principum
1303 1562 1339 1602 ao
1362 1539 1479 1604 ducum
1502 1538 1654 1624 exempla,
1682 1539 1738 1622 qui
1762 1534 1804 1600 de

220 1673 276 1714 sua
304 1650 373 1715 sola
400 1650 499 1736 gloria
530 1673 567 1713 ac
596 1650 769 1714 commodis
798 1648 924 1712 solliciti
952 1647 1084 1709 maxImo
1112 1644 1307 1730 reipublicae
1331 1647 1459 1711 suerunt
1482 1644 1681 1709 detrimento.
1728 1641 1805 1728 Qua

220 1755 261 1821 de
289 1778 323 1820 re
353 1759 517 1821 notissima
546 1765 593 1819 est
623 1757 786 1842 praeclara
815 1754 869 1819 illa
892 1752 1023 1818 Periclis
1053 1762 1084 1815 et
1106 1754 1320 1836 posteriorum
1343 1755 1567 1837 imperatorum
1589 1755 1623 1815 in
1645 1748 1804 1837 regendae

221 1865 353 1927 civitatis
377 1866 501 1927 ratione
525 1864 718 1946 comparatio
743 1860 829 1947 apud
852 1857 1076 1944 Thucydidem
1098 1857 1153 1921 lib.
1169 1858 1207 1936 11,
1230 1881 1255 1922 c.
1271 1863 1323 1935 65,
1346 1858 1383 1943 ἐξ
1400 1866 1429 1926 7.
1455 1864 1506 1928 10.
1532 1864 1581 1927 ll.
1606 1857 1679 1924 edit
1701 1859 1805 1942 Popp.

220 1969 285 2034 Sed
302 1993 372 2034 cum
390 1971 429 2032 de
445 1970 625 2031 Artaxerxis
640 1977 742 2032 aetate
766 1968 910 2052 loquitur
925 1964 1123 2040 Herodotus,
1145 1964 1230 2028 illam
1252 1967 1313 2028 iam
1335 1975 1473 2028 exactam
1498 1986 1576 2042 esse,
1599 1987 1771 2051 regemque
1788 1984 1805 2027 e

219 2077 285 2139 vita
300 2076 491 2152 discessisse,
514 2095 713 2159 nequaquam
728 2094 861 2138 necesse
876 2083 932 2150 est,
956 2095 1051 2157 quum
1066 2073 1252 2155 praesertim
1275 2072 1469 2155 aliquantum
1492 2072 1646 2158 temporis
1663 2071 1807 2136 Orientis

220 2191 344 2245 teneret
361 2181 607 2245 dominationem
624 2182 811 2244 Artaxerxes
828 2188 968 2259 (constat
985 2180 1066 2240 enim
1083 2174 1170 2240 illum
1184 2180 1246 2240 iam
1260 2175 1336 2241 inde
1352 2176 1391 2241 ab
1408 2200 1493 2243 anno
1509 2177 1653 2243 secundo
1673 2174 1807 2263 Olymp.

223 2288 405 2368 LXXVIII,
431 2290 498 2350 sive
521 2285 562 2349 ab
587 2309 613 2350 a.
630 2291 695 2356 467
719 2309 824 2351 rerum
849 2308 917 2349 esse
942 2286 1113 2370 potitum),
1142 2293 1191 2362 ut,
1215 2306 1279 2369 quo
1303 2294 1448 2369 tempore
1472 2285 1549 2348 haec
1572 2284 1612 2348 ab
1636 2284 1808 2349 Herodoto

217 2394 254 2456 in
286 2395 529 2465 commentarios
561 2393 659 2456 relata
690 2404 778 2474 suut,
813 2393 873 2456 etsi
904 2391 1047 2456 nondum
1080 2393 1246 2455 commisso
1279 2389 1365 2455 bello
1390 2390 1680 2477 Peloponnesiaco,
1712 2391 1826 2475 longe.
1881 2453 1885 2465 ,

222 2501 382 2562 maximam
406 2510 509 2562 tamen
533 2498 617 2562 illius
640 2502 763 2584 imperii
785 2508 905 2584 partem
927 2499 988 2560 iam
1011 2501 1203 2583 praeterisse
1227 2520 1245 2560 a
1268 2519 1345 2560 vero
1361 2517 1428 2560 non
1444 2495 1622 2561 abhorreat.
1657 2498 1810 2580 Denique

222 2603 291 2668 noli
314 2604 447 2669 credero
469 2603 525 2667 illa
547 2600 591 2672 τά
615 2605 666 2688 δέ,
695 2601 748 2673 ἀπ’
773 2600 905 2672 αὑτίων
927 2598 994 2672 τῶν
1015 2605 1230 2698 κορυφαίων,
1259 2604 1332 2694 περὶ
1354 2599 1413 2694 ’τῆς
1435 2599 1548 2695 ἀρχῆς
1570 2598 1811 2690 πολεμεόντων

223 2709 263 2773 ad
286 2709 375 2773 solos
399 2712 610 2773 Athenienses
634 2715 807 2792 pertinere,
840 2732 910 2773 cum
934 2709 974 2772 de
998 2714 1144 2773 universa
1167 2708 1213 2773 ibi
1237 2707 1373 2772 Graecia
1402 2719 1510 2792 agatur
1541 2709 1693 2796 (ἐγένετο
1720 2711 1812 2779 πλέω

224 2808 316 2881 κακά
337 2811 385 2906 τῇ
407 2805 574 2880 Ἑλλάδι
597 2837 627 2878 κ.
644 2839 672 2878 c.
689 2818 720 2878 λ.
748 2823 779 2876 et
802 2809 844 2880 τά
866 2815 942 2896 με’ν,
966 2809 1037 2880 cino*
1057 2811 1128 2881 των
1153 2814 1317 2904 Περσέων
1339 2811 1446 2902 αὑτῇ
1468 2814 1662 2900 γενόμενα),
1687 2817 1745 2880 sed
1771 2817 1812 2883 de

225 2929 359 3003 utraque
383 2920 555 3004 praecipue
578 2919 713 2993 ciritate,
737 2917 978 2981 Atheniensium
1002 2928 1032 2982 et
1057 2917 1389 2995 Lacedaemoniorum,
1413 2918 1458 2982 ibi
1482 2918 1602 2998 disseri,
1625 2925 1686 2985 iam
1709 2923 1813 2989 multo

226 3036 306 3122 ante
326 3024 445 3089 bellum
473 3022 781 3106 Peloponnesiacum
808 3044 868 3107 per
895 3023 994 3088 duces
1022 3046 1099 3090 suos
1129 3046 1185 3088 seu
1211 3028 1419 3119 κορυφαίους
1446 3024 1487 3090 de
1515 3025 1694 3112 principatu
1724 3031 1813 3118 apud

228 3131 371 3196 Graecos
390 3151 513 3201 ,summa
535 3132 568 3192 vi
590 3132 671 3192 inter
694 3151 728 3192 se
752 3132 938 3193 certantium
950 3131 984 3209 ⁹).
1031 3129 1097 3194 Sed
1120 3132 1199 3194 haec
1220 3133 1380 3197 hactenus

269 3250 272 3258 ‘
359 3238 422 3302 lam
446 3234 486 3299 ad
509 3239 644 3321 primum
661 3232 865 3319 ThucydIdis
889 3235 1003 3300 librum
1019 3260 1044 3300 o.
1057 3244 1101 3308 20
1116 3236 1292 3304 redeamus.
1332 3236 1433 3321 Quod
1449 3240 1651 3324 Hipparchus
1667 3252 1753 3307 recte
1770 3245 1815 3310 ab

227 3343 397 3410 Herodoto
414 3365 543 3429 quoque
559 3344 696 3427 Hippiae
711 3333 839 3425 tyranni
857 3341 958 3419 irater,
981 3347 1049 3406 non
1063 3346 1132 3427 ipse
1150 3353 1305 3428 tyrannus
1329 3355 1461 3427 vocatur
1473 3345 1507 3424 ³),
1531 3368 1598 3410 uon
1621 3360 1816 3435 magnopere

227 3452 339 3514 mirum
361 3449 455 3513 nobis
479 3448 582 3513 videri
604 3448 712 3525 debet,
728 3456 846 3531 ,neque
869 3471 947 3513 vero
972 3452 1117 3532 cuiquam
1142 3471 1212 3513 oum
1235 3449 1437 3514 Dahlmanno
1463 3451 1501 3533 (l.
1519 3475 1545 3517 c.
1569 3477 1600 3538 p.
1617 3458 1701 3536 227)
1725 3463 1814 3525 veri.

228 3555 328 3620 simile
350 3553 543 3631 habendum,
567 3554 767 3618 Hellanicum
791 3556 974 3618 historicum
998 3565 1118 3618 tantum
1141 3558 1173 3618 in
1197 3577 1230 3619 se
1254 3555 1415 3620 admisIsse
1440 3578 1587 3638 errorem,
1610 3566 1732 3648 quippe
1756 3573 1815 3651 qui

229 3662 314 3748 vulgi
348 3659 567 3726 tautummodo
595 3661 849 3738 Atheniensium,
883 3681 1082 3745 nequaquam
1111 3663 1294 3746 peritiorum
1325 3662 1520 3728 Graecorum
1549 3667 1646 3731 fuisse
1672 3668 1815 3739 dicatur:

228 3763 431 3859 Ἀθηναίων
452 3766 537 3852 γοῦν
557 3761 603 3833 cd
627 3763 786 3861 πλῆθος
800 3764 998 3858 Ἵππαρχον
1021 3770 1154 3835 οἴονται
1174 3763 1227 3861 ὑφ
1242 3769 1431 3860 Ἁρμοδίου
1451 3772 1510 3838 καὶ
1524 3767 1817 3864 Ἀριστογείτονος

228 3869 404 3965 τύραννον
427 3867 513 3940 ὅντα
536 3867 746 3955 ἀποθανεῖν,
770 3874 828 3940 καὶ
851 3867 915 3940 οὑκ
937 3876 1061 3951 ἴσασιν,
1085 3873 1139 3941 ὅτι
1159 3875 1291 3949 Ἱππίας
1313 3873 1380 3959 μίν
1401 3873 1634 3970 πρεσβύτατος
1655 3879 1704 3951 cde
1725 3879 1814 3978 ἦρχε

229 3982 296 4048 τῶν
314 3974 559 4071 Πεισιστράτου
575 3978 688 4062 υίίων,
704 3975 895 4070 Ἵππαρχος
909 3975 947 4045 ὑί
960 3979 1018 4045 καί
1033 3976 1203 4056 Θεσσαλός
1218 3977 1361 4072 αἰλελφοὶ
1374 3974 1461 4076 ἦσαν
1476 3979 1607 4062 adzeri„
1632 3989 1814 4077 codemque

230 4084 328 4151 modo
351 4083 405 4147 lib.
422 4081 483 4162 Vl,
507 4107 534 4147 c.
552 4089 602 4161 54,
626 4083 681 4147 ubi
703 4084 803 4147 fusius
827 4083 867 4147 de
883 4085 1092 4170 tyrannicidis
1108 4086 1168 4148 iltis
1185 4089 1239 4171 qui
1255 4097 1410 4150 vocantur
1425 4091 1534 4174 agitur,
1560 4092 1813 4189 Πεισιστράτου

230 4188 297 4284 γάρ
324 4188 469 4285 γηραιοῦ
496 4185 757 4282 τελευτήσαντος
784 4192 822 4260 ἐν
848 4186 889 4284 τῇ
913 4196 1104 4282 τυραννίδι,
1134 4187 1200 4279 οὐχ
1220 4189 1421 4286 Ἵππαρχος,
1453 4190 1481 4261 ω’
1487 4220 1580 4289 cnsp
1601 4206 1643 4267 οἱ
1663 4231 1712 4270 no
1717 4209 1737 4270 λ
1745 4213 1792 4274 ,10
1800 4211 1814 4276 y

233 4337 439 4352 -----—-·-

256 4407 280 4474 ¹)
298 4403 330 4460 ld
347 4412 447 4458 tamen:
462 4403 623 4466 „dicdum
643 4411 731 4459 arete
748 4404 788 4458 ι’σι
807 4407 944 4473 vulgus
962 4406 1161 4459 emieirre“
1176 4423 1230 4458 non
1248 4403 1367 4468 dixerim,
1386 4424 1436 4460 nee
1452 4404 1557 4481 probari
1575 4412 1669 4486 possit.

258 4496 283 4560 ²)
301 4490 332 4548 C.
346 4490 378 4546 Ο.
391 4489 533 4547 Muellerus
551 4489 615 4556 (Die
633 4490 730 4548 Dorier
747 4489 767 4547 l.
785 4511 812 4568 p.
824 4495 885 4557 312,
903 4500 957 4546 not.
972 4493 997 4556 l)
1016 4499 1060 4546 aut
1077 4489 1240 4548 Herodotum
1259 4495 1315 4548 eius
1334 4502 1430 4559 motus,
1449 4497 1522 4551 cuius
1541 4497 1610 4574 apud
1628 4496 1813 4577 Thucydidem

302 4581 348 4636 fiet
360 4584 466 4648 mentio,
484 4577 564 4636 ullam
581 4579 631 4634 iam
649 4578 773 4635 habuisse
785 4581 912 4646 notitiam,
931 4589 975 4636 aut
986 4576 1167 4654 Thucydidem
1181 4584 1318 4658 quicquam
1331 4581 1363 4637 de
1376 4586 1464 4659 priore
1476 4596 1558 4654 motu,
1576 4588 1649 4644 cuius
1661 4595 1813 4653 meminerit

301 4665 460 4736 Herodotus,
478 4666 610 4725 audivisse
628 4676 672 4722 aut
690 4669 794 4723 omnino
812 4665 976 4724 Herodotum
994 4669 1090 4744 legisse
1108 4681 1193 4746 negat.
1228 4668 1328 4726 iudicet
1345 4670 1436 4729 lector.

260 4760 285 4828 ³)
304 4754 401 4812 Herod.
411 4755 442 4812 V.
457 4777 478 4814 c.
489 4761 537 4813 55:
556 4756 632 4815 Ἐπεὶ
644 4752 799 4828 Ἵππαρχον
812 4759 867 4814 τόν
878 4759 1086 4828 Πεισιστράτου,
1102 4758 1213 4816 Ἱππίεω
1229 4759 1257 4816 δὲ
1273 4760 1320 4818 τοῦ
1332 4762 1463 4836 τυράννου
1476 4762 1611 4837 ἀδελφεόν
1621 4800 1664 4841 -,
1675 4777 1812 4832 κτείνουσι

301 4845 506 4919 Ἀριστογείτων
523 4856 569 4904 καὶ
586 4844 733 4921 Ἁρμόδιον
750 4868 776 4903 κ.
789 4869 812 4904 τ.
824 4847 848 4903 λ.
1791 4840 1800 4851 ’
