3952 5648
964 707 1025 770 DE

496 943 921 1095 ranorum
958 944 1054 1089 m
1092 862 1488 1092 annonem

300 1263 778 1370 quxns'rtotiutu
810 1261 1311 1350 fltsnoutcxuuttl
1345 1261 1693 1353 SPEClMIlN.

844 1555 1154 1564 --.—--———-

208 1729 339 1874 Graeci
363 1832 432 1873 cum
457 1808 604 1873 omnibus
628 1807 747 1871 artibus
777 1807 872 1892 longe
901 1811 985 1872 inter
1013 1817 1137 1872 veteres
1165 1806 1306 1892 populos
1335 1809 1575 1892 praestiterunt,
1603 1815 1668 1868 tum
1694 1828 1786 1892 prac-

207 1919 301 2002 cipue
320 1916 480 1979 historiam
502 1926 532 1980 et
548 1919 745 1991 invenerunt,
768 1924 798 1977 et
814 1915 852 1977 ad
871 1937 1019 1978 summam
1035 1935 1137 1999 paene
1153 1913 1381 1996 perfectionem
1397 1911 1625 1997 perduxerunt;
1648 1916 1786 1976 omnium

207 2032 310 2086 autem
340 2043 444 2085 rerum
473 2026 662 2107 scriptorum
686 2018 908 2104 Thucydidem
932 2020 1017 2083 haud
1041 2018 1138 2082 dubie
1162 2021 1371 2104 principatum
1396 2017 1573 2081 obtinuisse
1597 2020 1677 2080 inter
1700 2020 1786 2082 viros

208 2125 352 2192 eruditos
369 2134 443 2191 satis
465 2138 597 2192 constat.
636 2129 748 2212 ltaque
767 2125 965 2190 Herodotum
991 2125 1117 2210 quidem
1141 2134 1282 2208 patrem
1307 2125 1542 2205 historiae¹)‚
1565 2121 1787 2207 Thucydidem

206 2256 284 2298 vero
307 2228 354 2302 cd
361 2260 382 2300 ν
404 2236 640 2329 συγγραφέα
652 2235 687 2316 ²),
711 2236 802 2296 sicuti
824 2235 999 2297 Homerum
1022 2228 1095 2298 τόν
1117 2225 1308 2320 ποιητήν,
1330 2226 1401 2297 κατ’
1426 2225 1552 2323 ἕξοχήν
1575 2228 1786 2315 appellabant.

207 2340 272 2406 Sed
296 2364 367 2404 cum
391 2345 549 2404 enarratio
574 2362 677 2403 rerum
701 2339 788 2403 hello
812 2337 1089 2423 Peloponnesiaco
1114 2347 1270 2421 gestarum
1294 2339 1362 2419 ipsa
1386 2348 1416 2399 et
1440 2336 1483 2400 oh
1508 2359 1671 2415 summam,
1696 2359 1788 2420 quam

207 2445 360 2525 adhibuit,
384 2470 489 2510 curam
507 2470 543 2510 ac
560 2446 750 2531 diligentiam
766 2449 799 2508 in
817 2444 1018 2529 exquirendis
1034 2441 1350 2528 pervestigandisque
1367 2445 1448 2505 veris
1465 2441 1649 2520 rationibus,
1673 2442 1788 2526 quihus

206 2553 364 2637 ingentem
387 2553 530 2616 laborem
543 2553 569 2634 ³)
594 2562 625 2615 et
648 2562 792 2636 sumptus
816 2552 898 2614 adeo
922 2549 1076 2636 impendit
1098 2551 1256 2626 maximos,
1281 2558 1311 2612 et
1328 2547 1371 2612 oh
1389 2548 1574 2612 uberrimam
1596 2552 1789 2635 maximeque

208 2658 409 2738 perspicuam
439 2660 679 2740 explicationem
712 2668 807 2745 atque
839 2656 1093 2740 explanationem
1125 2659 1251 2719 summis
1281 2676 1407 2737 semper
1436 2655 1603 2716 efferretur
1631 2654 1788 2732 laudibus,

209 2759 287 2822 nihil
310 2770 413 2819 tamen
437 2763 532 2839 magis
556 2762 628 2818 mihi
653 2760 779 2839 quidem
803 2759 1016 2837 admiratione
1033 2756 1160 2839 dignum
1182 2756 1285 2816 videri
1308 2753 1399 2833 solet,
1424 2775 1517 2837 quam
1535 2756 1623 2839 quod
1639 2779 1684 2837 ca,
1708 2780 1789 2843 quae

207 2865 280 2927 huic
311 2861 399 2925 hello
431 2865 600 2944 praemissa
632 2864 734 2946 primo
766 2860 850 2925 libro
884 2863 1099 2937 continentur,
1131 2863 1360 2946 perscripserit.
1407 2862 1445 2924 ln
1474 2882 1538 2944 quo
1567 2865 1700 2946 primum
1722 2884 1790 2929 non

189 2969 311 3034 .solum
343 2969 412 3031 veri
441 2966 663 3030 studiosissimi
695 2978 725 3031 et
754 2965 923 3031 acutissimi
956 2967 1096 3029 historici
1128 2989 1242 3030 mnnus
1266 2970 1353 3031 omni
1375 2989 1412 3030 ex
1435 2978 1525 3051 parte
1549 2969 1698 3053 explevit,
1730 2969 1789 3034 sed

210 3079 302 3140 etiam
332 3076 439 3138 futuro
470 3075 568 3136 cnivis
597 3095 701 3137 rerum
724 3077 872 3160 scriptori
897 3072 972 3157 quid
996 3075 1125 3134 maxime
1148 3072 1370 3157 spectandum,
1401 3072 1477 3157 quid
1501 3072 1725 3159 praestandum
1749 3077 1789 3139 sit

208 3181 456 3246 luculentissime
492 3179 641 3244 ostendit.
687 3180 814 3245 Deinde
848 3201 959 3244 omnes
992 3177 1224 3263 propemodum
1254 3202 1316 3257 res,
1353 3201 1434 3264 quae
1464 3190 1535 3243 ante
1564 3179 1642 3243 illud
1671 3179 1789 3245 bellum

110 3341 112 3344 .
208 3287 382 3352 aGraecis
405 3296 490 3349 terra
513 3288 779 3373 mariquegestae
804 3299 906 3365 erant,
937 3289 1077 3371 quamvis
1100 3289 1223 3369 paucis,
1253 3297 1315 3349 tam
1339 3284 1505 3370 diligenter
1529 3285 1709 3370 complexus
1733 3297 1788 3366 est,

208 3405 332 3458 utnon
355 3392 452 3455 modo
476 3379 593 3455 bellnm
617 3393 925 3479 Peloponnesiacum
949 3397 1064 3477 ipsum,
1095 3390 1153 3454 sed
1177 3391 1399 3468 universalem,
1423 3403 1458 3454 ut
1480 3396 1522 3455 ita
1547 3391 1662 3470 dicam,
1688 3391 1788 3458 Grae-

209 3521 318 3564 corum
341 3499 502 3562 historiam
527 3502 707 3584 posteritati
731 3499 854 3562 tradere
877 3499 1018 3562 voluisse
1041 3497 1194 3561 videatur.
1241 3497 1276 3560 Id
1301 3507 1404 3560 autem
1434 3519 1555 3560 summo
1580 3498 1715 3563 artificio
1738 3523 1788 3564 as·

208 3617 336 3670 secutus
362 3615 418 3668 est.
463 3606 543 3668 Nam
567 3627 636 3668 cum
661 3627 728 3667 cam
752 3603 795 3668 oh
821 3628 961 3669 caussam
985 3607 1121 3667 animum
1145 3603 1183 3666 ad
1209 3602 1477 3667 conscribendum
1500 3603 1578 3667 illud
1594 3604 1712 3668 bellum
1727 3609 1788 3670 iam

209 3715 311 3775 statim
336 3710 375 3774 ab
399 3712 505 3787 initio,
529 3733 594 3795 quo
618 3721 760 3775 exortum
785 3720 864 3789 erat,
888 3733 957 3776 sese
981 3708 1158 3795 applicasse
1181 3709 1385 3795 profiteatur,
1409 3709 1496 3794 quod
1521 3714 1732 3795 gravissimum
1754 3711 1788 3776 id

208 3820 403 3901 maximoque
425 3817 630 3880 memorabile
653 3819 801 3892 omnium,
826 3838 907 3900 qnae
931 3838 1068 3900 unquam
1093 3826 1185 3879 antea
1208 3815 1376 3880 aGraecis
1398 3827 1485 3900 gesta
1501 3816 1626 3894 luerint,
1649 3819 1788 3883 futurum

208 3926 390 4009 speraverit,
414 3945 478 4015 quo
502 3924 566 3986 hoc
587 3920 708 3985 facilius
733 3944 748 3984 a
773 3922 947 3985 lectoribus
970 3925 1188 4008 perspiciatur,
1213 3945 1282 3985 cnm
1307 3920 1454 3986 omnibus
1475 3923 1694 4007 superioribus
1709 3936 1787 3989 tem-

208 4027 343 4116 poribus
374 4028 451 4092 illud
483 4039 657 4114 comparat,
693 4039 723 4092 et
754 4031 797 4090 ita
829 4027 954 4112 quidem
987 4039 1162 4114 comparat,
1194 4039 1228 4092 ut
1258 4031 1391 4113 primum
1422 4026 1462 4091 de
1484 4029 1535 4107 iis,
1567 4052 1647 4114 quae
1669 4031 1787 4096 bellum

209 4136 383 4199 Troianum
413 4145 669 4219 praecesserunt,
700 4134 816 4199 deinde
847 4133 886 4197 de
914 4134 976 4197 hoc
998 4137 1069 4220 ipso
1093 4134 1194 4211 bello,
1223 4144 1288 4197 tum
1313 4133 1451 4219 deniqne
1474 4132 1515 4197 de
1538 4137 1590 4212 iis,
1622 4159 1702 4222 qnae
1724 4137 1787 4200 hoo

211 4251 317 4304 secuta
349 4250 438 4316 sunt,
473 4241 627 4306 adiunctis
657 4245 748 4305 etiam
778 4239 871 4304 bellis
899 4241 1050 4320 Persicis,
1083 4240 1234 4324 disputet.
1283 4239 1357 4325 Qua
1383 4242 1415 4302 in
1445 4238 1666 4328 disquisitione
1695 4264 1787 4327 quam

211 4359 334 4411 acutum
359 4369 396 4409 ac
419 4345 564 4410 subtilem
588 4368 644 4410 seu
667 4344 823 4438 κριτικόν
847 4369 881 4410 se
905 4345 1086 4430 praebuerit
1109 4346 1244 4409 iudicem
1267 4368 1435 4430 rerumque
1459 4350 1696 4411 existimatorem
1719 4369 1787 4414 non

211 4473 293 4541 opus
316 4463 362 4516 est
386 4462 420 4515 ut
443 4454 563 4536 peritos
587 4473 744 4529 moneam;
768 4451 923 4537 siquidem
945 4451 998 4514 illa
1021 4454 1131 4536 viginti
1154 4455 1212 4515 tria
1234 4451 1326 4538 primi
1348 4451 1422 4516 libri
1446 4459 1556 4540 capita,
1581 4452 1668 4537 quod
1689 4455 1786 4540 vulgo

209 4561 406 4645 prooemium
436 4561 543 4622 vocari
567 4557 662 4635 solet,
691 4559 847 4645 singulare
870 4559 954 4620 omni
978 4550 1079 4622 aetate
1102 4558 1259 4643 exemplar
1281 4559 1413 4644 perlecti
1436 4556 1574 4623 historici
1598 4558 1786 4646 subactique

239 4791 262 4857 ¹)
281 4784 337 4843 Cic.
355 4785 389 4842 de
406 4785 472 4862 legg.
491 4786 511 4858 l,
533 4792 598 4856 1‚5.
618 4819 651 4831 —
674 4791 697 4857 2)
716 4784 754 4841 lta
772 4784 937 4843 Marcellinus
955 4789 1118 4864 saepissime,
1137 4785 1240 4855 suidas,
1259 4786 1310 4842 alii.
1331 4819 1363 4830 —
1385 4791 1411 4855 ⁸)
1431 4781 1514 4844 Thnc.
1533 4785 1552 4855 l,
1571 4791 1615 4853 22,
1634 4790 1659 4844 3.

1562 4899 1577 4948 l
