3952 5648
220 238 225 253 '
262 202 325 341 l,
358 210 389 331 -l,
942 234 1001 319 34

322 359 328 401 ‚
894 356 1050 366 ..-..

286 314 295 349 l

184 468 342 531 l’itauatas
370 465 447 553 quin
474 462 673 525 usitatissima
700 459 809 536 luerit,
838 457 976 523 dubitari
997 457 1087 523 nullo
1111 457 1207 522 modo
1231 468 1347 542 potest.
1392 458 1521 523 Deinde
1545 458 1670 535 eadem,
1700 458 1765 523 nisi

182 577 234 618 me
258 555 360 617 omnia
384 549 504 626 fallunt,
528 549 621 635 vulgo
646 551 738 612 etiam
762 570 832 612 cum
854 550 936 611 inter
952 545 1277 612 Lacedaemoniorum
1292 546 1404 611 milites
1421 569 1610 639 omnemque
1626 543 1765 631 plebem,

185 654 250 706 tum
273 642 444 727 praecipue
467 636 551 722 apud
575 640 757 701 universum
778 640 943 700 universae
966 635 1121 700 Graeciae
1141 638 1318 714 exercitum,
1342 638 1597 721 quotiescunque
1613 654 1679 697 uno
1693 634 1765 699 illas

186 733 295 816 copias
322 731 451 794 nomine
480 726 647 811 complecti
675 723 838 799 volebant,
868 725 1121 809 frequentissima
1150 734 1225 788 erat.
1272 727 1418 787 Attamen
1440 724 1578 809 publicis
1601 726 1635 786 in
1658 721 1765 799 rebus,

185 841 256 884 curn
279 818 391 884 milites
415 814 700 891 conscriberentur,
724 823 777 877 aut
800 813 931 878 omnino
955 812 996 876 de
1014 812 1145 898 singulis
1162 814 1321 897 copiarum
1337 811 1482 898 partibus
1498 835 1517 875 a
1532 810 1766 897 magistratibus

185 908 283 972 verba
311 905 438 981 fierent,
466 903 525 966 hac
554 925 647 979 voce,
676 913 833 986 tamquam
860 924 971 988 parum
993 904 1122 985 propria
1146 923 1182 964 ac
1204 903 1305 965 minus
1329 911 1487 979 accurata,
1516 904 1563 964 uti
1585 899 1673 964 soliti
1694 921 1767 964 esse

185 1019 253 1062 non
276 994 433 1058 videntur.
481 991 608 1076 Quodsi
630 994 664 1054 in
686 993 767 1053 hanc
790 993 975 1055 sententiam
1000 992 1174 1066 transieris,
1197 991 1299 1053 omnis
1324 991 1557 1066 controversia,
1580 1009 1662 1073 quae
1684 990 1768 1053 inter

188 1087 269 1150 duos
293 1085 434 1168 egregios
457 1081 627 1144 intercedit
647 1083 829 1165 scriptores,
853 1079 1023 1142 diiudicata
1038 1080 1096 1141 erit
1114 1088 1145 1141 ct
1161 1080 1343 1160 composita.
1378 1080 1460 1142 Nam
1475 1075 1663 1142 Herodotus
1678 1076 1769 1162 vulgi

188 1175 383 1238 narrationes
410 1169 597 1254 plerumque
625 1179 768 1246 secutus,
796 1169 854 1231 hac
877 1189 1005 1253 quoque
1028 1169 1060 1229 in
1084 1188 1118 1229 re
1140 1167 1244 1231 lacere
1266 1187 1331 1229 nou
1355 1170 1474 1251 potuit,
1507 1169 1584 1251 quin
1607 1166 1769 1231 communi

189 1264 327 1326 omnium
351 1257 547 1322 Graecorum
576 1259 721 1341 opinioni
750 1259 956 1320 assentiretur
984 1265 1016 1319 et
1046 1257 1215 1319 occasione
1239 1252 1311 1317 data
1333 1255 1552 1340 pervulgatum
1575 1253 1658 1317 illius
1680 1254 1772 1319 lochi

189 1370 307 1414 nomen
336 1354 511 1430 usurparet.
559 1344 682 1410 Contra
704 1344 923 1430 Thucydides,
954 1348 1009 1427 qui
1034 1346 1124 1429 ipsos
1147 1365 1250 1407 rerum
1272 1342 1377 1407 fontes
1400 1343 1549 1427 indagare
1572 1343 1667 1420 solet,
1696 1364 1772 1406 cum

188 1440 277 1502 illum
305 1456 444 1498 errorem
472 1432 757 1511 animadvertisset,
784 1443 904 1517 quanto
927 1432 1035 1518 plures
1057 1432 1114 1496 illo
1138 1430 1276 1496 imbutos
1298 1430 1438 1510 videbat,
1468 1442 1555 1496 tanto
1579 1432 1673 1515 magis
1696 1452 1773 1495 eum

189 1523 365 1590 notandum
388 1544 457 1586 esse
481 1521 579 1586 duxit.
601 1558 645 1572 -
670 1521 734 1586 Sed
758 1544 799 1585 ne
822 1523 935 1599 omnia,
959 1542 1040 1605 quae
1062 1519 1159 1585 modo
1181 1521 1347 1605 proposita
1369 1531 1455 1598 sunt,
1479 1519 1575 1583 dubia
1598 1519 1667 1584 sola
1690 1538 1771 1583 con-

189 1620 310 1678 iectura
333 1613 489 1676 contineri
512 1613 677 1689 existimes,
700 1609 854 1701 quaedam
877 1614 910 1673 in
932 1621 1075 1672 veterum
1090 1609 1231 1701 reliquiis
1248 1610 1427 1673 etiamnunc
1442 1619 1614 1692 supersunt
1630 1609 1773 1693 vestigia,

192 1700 307 1789 quihus
325 1700 453 1765 lochum
469 1700 531 1763 hoc
546 1703 674 1763 nomine
691 1700 853 1783 Spartanis
869 1720 979 1762 revera
994 1718 1061 1761 uon
1076 1698 1174 1762 fuisse
1190 1718 1372 1784 cognoscas.
1407 1699 1488 1762 Nam
1505 1720 1574 1761 cum
1591 1694 1775 1761 Simonides

191 1778 275 1875 apud
297 1788 545 1873 Xenophontem
568 1789 603 1851 iu
626 1791 768 1851 Hierone
792 1810 817 1852 c.
838 1792 872 1863 9,
894 1793 917 1856 4
939 1785 1036 1849 dicat:
1070 1784 1249 1879 διῄρηνται
1275 1780 1404 1853 ἅπασαι
1435 1791 1477 1853 αἱ
1500 1783 1613 1860 πόλεις
1639 1789 1680 1851 αἱ
1703 1780 1777 1869 μέν

191 1875 280 1947 κατοῖ
306 1874 430 1973 φυλάς,
462 1880 505 1943 αἱ
527 1874 564 1946 δέ
590 1871 681 1944 κατοῖ
701 1878 841 1965 μοίρας,
872 1880 915 1942 αἱ
934 1874 972 1942 d's'
993 1869 1084 1941 κατα
1104 1871 1247 1962 λόχους,
1280 1874 1364 1937 haud
1386 1878 1454 1938 scio
1477 1896 1518 1937 an
1541 1876 1775 1960 Spartanorum

191 1967 276 2041 urbs,
299 1977 424 2052 praeter
443 1965 527 2029 illam
542 1970 640 2029 totius
656 1987 764 2029 eorum
781 1966 938 2028 exercitus
953 1967 985 2027 iu
999 1958 1121 2055 μόρας,
1143 1959 1283 2049 λόχους,
1305 1959 1562 2058 πεντηκοστόας,
1584 1964 1779 2045 ἐνωμοτίας

191 2056 512 2140 descriptionem-in
536 2054 614 2119 alios
637 2053 791 2137 quosdam
815 2049 944 2141 λόχους
966 2050 1141 2116 secundum
1165 2051 1253 2115 urhis
1276 2056 1421 2136 regiones
1446 2074 1503 2116 seu
1527 2056 1615 2116 vicos
1638 2044 1778 2133 (κώμας

192 2155 286 2209 vocat
301 2142 448 2229 Thucyd.
465 2144 489 2222 l,
507 2148 557 2218 lt),
572 2148 608 2222 λ)
633 2142 736 2205 divisa
757 2142 865 2217 luerit;
890 2163 947 2204 cos
970 2151 1073 2203 autem
1097 2142 1237 2225 quinque
1260 2139 1356 2203 luisse
1378 2161 1510 2205 numero
1533 2139 1617 2203 haud
1640 2137 1779 2203 dubium

193 2232 328 2297 videtur.
373 2233 421 2297 lta
443 2241 529 2295 certe
554 2230 734 2315 Hesychius
757 2251 781 2293 s.
798 2253 827 2293 v.
850 2226 965 2318 λόχοςτ
989 2222 1102 2314 Λόχοι
1125 2227 1420 2311 Λακεδαιμονίων,
1443 2230 1545 2323 φησὶν
1566 2220 1776 2321 Ἀριοτοφοὲ·

192 2323 315 2415 νηςι),
339 2318 511 2413 τέτταρες·
542 2320 661 2386 πέντε
690 2312 757 2407 γάρ
783 2311 884 2397 εἰσιν,
912 2316 956 2394 αἱς
983 2319 1084 2409 φησὶν
1111 2312 1354 2409 Ἀριστοτέλης.
1407 2320 1455 2381 lta
1483 2318 1649 2381 manifesto
1680 2324 1780 2379 etiarn

186 2410 325 2491 rl’hotirts
347 2411 380 2471 in
404 2408 506 2473 lexico
530 2430 602 2472 suo:
625 2403 726 2495 λόχοι
749 2407 1034 2491 Λακεδαιμονίων
1057 2400 1098 2494 η’,
1121 2400 1416 2499 ’Λριστοφάνης’).
1442 2408 1655 2496 Θουκυδόλης
1676 2402 1715 2473 δέ
1737 2399 1780 2471 έ.

189 2488 430 2591 ’Ἣρῑστοτίλης
452 2491 489 2576 ζ.
538 2496 620 2562 Cum
645 2501 727 2559 enim
750 2495 836 2579 apud
852 2495 1072 2579 Thucydidem
1095 2505 1242 2579 septem
1266 2489 1321 2577 (ζ’)
1345 2516 1442 2579 supra
1460 2493 1631 2557 viderimus
1652 2494 1781 2568 lochos,

753 2579 761 2604 1

194 2586 377 2671 Hesychius
401 2594 505 2647 autem
529 2587 698 2673 quinque
722 2590 776 2665 (e)
800 2605 837 2646 ex
860 2582 1031 2646 Aristotele
1054 2582 1174 2659 afferat,
1198 2583 1283 2666 apud
1300 2583 1447 2645 Plrotium
1471 2604 1608 2666 quoque,
1633 2582 1783 2646 numeris

176 2674 407 2761 „transpositis
435 2674 482 2733 sic
509 2671 675 2753 legendum
704 2692 775 2733 esse
798 2683 943 2753 apparet:
977 2672 1191 2763 Θουκυδίδης
1212 2668 1252 2737 δέ
1273 2665 1309 2749 ζ’.
1341 2667 1583 2763 Ἀριστοτέλης
1605 2667 1656 2738 έ.’
1687 2669 1784 2735 Casu

195 2770 298 2825 autem
327 2757 465 2841 quodam
492 2760 636 2841 contigit,
665 2767 793 2821 utnon
820 2777 971 2821 numerus
999 2756 1115 2832 solum,
1144 2759 1369 2821 verumetiam
1392 2761 1521 2823 nomina
1544 2761 1657 2822 horum
1679 2758 1784 2823 nobis

193 2849 359 2912 lochorum
383 2867 401 2908 a
422 2844 581 2908 veteribus
605 2853 729 2906 servata
751 2849 823 2907 sint.
869 2845 1062 2907 scholiastes
1086 2842 1165 2905 alius
1189 2845 1228 2906 ad
1252 2845 1415 2928 Aristoph.
1439 2849 1573 2929 Lysistr.
1596 2847 1616 2908 l.
1634 2869 1674 2911 c.:
1709 2842 1785 2939 ἀρ..

194 2931 336 3027 γότιρον
359 2936 396 3014 (i.
413 2955 440 2996 e.
463 2932 691 3016 negligentius)
714 2925 757 2997 wi
778 2928 957 2999 Λακώνων
978 2934 1088 2999 έοικεν
1110 2928 1331 3024 ἐξειργάσθαι
1353 2931 1375 2998 ο“
1396 2928 1553 3024 ποιητής·
1586 2929 1686 3021 λόχοι
1708 2932 1785 3037 γᾰρ

194 3018 258 3092 οὒκ
273 3016 335 3091 εἰσὶ
349 3020 505 3112 τέτταρες
519 3019 557 3086 ἕν
572 3016 845 3106 Λακεδαιμονία,
867 3015 959 3088 α’λλοῖ
974 3015 1014 3100 ς’,
1031 3016 1198 3098 Ἕόωλος,
1226 3022 1332 3100 Σίνις,
1353 3016 1509 3113 Ἀρίμοις,
1536 3022 1666 3100 ,Πχοχςἱ
1689 3026 1785 3093 Μ,ΙΨ
1816 3040 1831 3059 -.

195 3106 345 3203 σοόχης
366 3114 442 3194 (pro
468 3129 531 3192 quo
554 3107 721 3192 legendum
745 3130 815 3172 cum
838 3109 994 3174 Muellero
1019 3104 1266 3198 Μεοοάτης).
1290 3108 1310 3178 ὁ
1332 3106 1371 3177 δέ
1397 3111 1611 3204 Θουκυδίδης
1633 3112 1664 3192 ζ’
1686 3118 1786 3204 W&
1900 3166 1903 3173 ,

195 3201 300 3293 χωρὶς
314 3196 381 3267 τῶν
398 3195 650 3288 Νικηριτῶν3)·
697 3195 763 3260 sed
784 3200 908 3261 numeri
931 3219 1062 3283 q¹¹⁰q¹¹e
1084 3199 1205 3282 Signum
1229 3192 1270 3277 d,
1292 3220 1362 3263 cum
1387 3202 1526 3283 quinque
1550 3209 1670 3264 tontum
1693 3203 1787 3267 lochi
1866 3252 1900 3291 r.

196 3312 214 3366 a
237 3287 404 3353 scholiasta
427 3292 637 3363 nominentur,
662 3284 867 3368 depravatum
891 3297 946 3364 est,
971 3297 1002 3350 et
1025 3285 1281 3349 commutandum
1295 3289 1329 3349 in
1344 3282 1379 3353 έ.
1413 3287 1559 3372 Utraque
1575 3312 1653 3354 vero
1671 3311 1784 3355 emen-

197 3374 294 3452 datio,
319 3385 351 3439 et
373 3376 450 3438 haec
472 3385 582 3438 nostra
605 3383 637 3437 et
658 3372 869 3437 Muelleriana
891 3375 954 3453 illa,
976 3376 1055 3439 mire
1079 3373 1285 3437 confirmatur
1308 3374 1408 3438 altero
1432 3377 1556 3440 scholio
1581 3378 1667 3464 apud
1691 3382 1784 3445 Thu·
1895 3370 1903 3452 ζ

197 3463 345 3549 cydidem
369 3462 423 3526 lih.
441 3464 498 3540 IV,
521 3467 586 3532 c.8
609 3471 694 3538 extr,
718 3463 776 3525 etsi
799 3465 831 3525 in
854 3462 1035 3526 nominibus
1058 3464 1142 3545 ipsis,
1165 3463 1194 3526 si
1217 3485 1288 3526 cum
1310 3463 1528 3549 superioribus
1545 3480 1786 3552 comparantur,
1875 3453 1903 3531 *f

190 3551 341 3617 nonnihil
363 3552 523 3635 reperitur
545 3549 748 3614 diversitatis:
771 3546 873 3640 λόχοι
894 3550 1180 3635 Λακεδαιμονίων
1201 3551 1337 3621 πέντε·
1364 3546 1541 3631 Αίδιόλιος,
1569 3557 1683 3649 Σίνης,
1708 3560 1786 3625 Σα-
1894 3628 1897 3633 ,

197 3644 311 3733 ρίνας,
342 3636 479 3716 Πλόας,
508 3639 735 3732 Μεσοάτης.
784 3641 822 3703 ln
849 3642 897 3704 his
923 3642 1016 3723 igitur
1045 3643 1185 3725 quinque
1208 3640 1325 3719 lochis,
1352 3644 1433 3722 sive,
1461 3654 1497 3706 ut
1519 3665 1579 3708 nos
1603 3649 1786 3729 opinamur,
1884 3682 1903 3694 -·

196 3729 297 3793 solius
321 3730 453 3813 Spartae
476 3727 564 3792 urbis
588 3737 670 3805 suut,
694 3729 763 3791 sive
786 3731 885 3793 totius
907 3731 1086 3794 Laconicae
1109 3730 1216 3808 mavis,
1238 3730 1398 3795 Mesoates
1422 3730 1549 3817 quidem
1572 3732 1685 3797 lochus
1709 3735 1784 3815 luit,

197 3819 358 3882 Pitanates
385 3814 491 3881 nullus
520 3816 589 3880 tuit.
619 3853 658 3866 -
688 3817 777 3881 Haec
804 3816 913 3897 habui,
941 3841 1023 3904 quae
1046 3818 1087 3883 de
1108 3819 1171 3883 illis
1195 3818 1437 3904 quaestionibus
1459 3842 1681 3907 proponerem
1729 3826 1785 3889 Tu
1857 3854 1883 3903 ῃ

197 3927 285 3984 vero,
308 3902 469 3970 benevole
492 3903 602 3982 lector,
625 3914 661 3968 ut
684 3906 809 3970 Horatii
832 3906 938 3971 verbis
962 3919 1040 3985 utar,

795 3993 938 4084 Siquid
956 3997 1084 4062 novisti
1104 3999 1228 4064 rectius
1252 3997 1337 4074 r'stis,

519 4079 694 4147 Candidus
716 4083 868 4169 imperti}
892 4083 1019 4164 sinon,
1041 4085 1093 4150 his
1117 4096 1210 4152 utere
1232 4109 1373 4155 mecum.

225 4246 249 4311 ¹)
268 4238 390 4317 Respicit
406 4237 606 4315 lexicographus
625 4237 727 4296 Comici
745 4240 832 4298 locum
850 4245 877 4299 in
894 4241 1007 4318 Lysistr.
1026 4263 1051 4299 v.
1065 4246 1126 4313 l5l,
1144 4244 1189 4301 uhi
1208 4244 1302 4302 schol:
1321 4245 1399 4303 roim
1418 4246 1449 4302 ta
1466 4270 1557 4319 φησιν,
1576 4242 1621 4303 ὅτι
1638 4257 1684 4304 καὶ
1702 4254 1785 4322 παραὶ
1860 4260 1863 4265 “
1901 4212 1903 4217 Ι

268 4312 498 4382 Λακεδαιμονίοις
516 4319 640 4382 τέσσαρες
657 4310 804 4384 ὑπάρχουσι
822 4314 911 4384 λόχοι,
937 4314 975 4370 οἷς
993 4321 1122 4387 κέχρηται
1141 4315 1156 4372 d
1174 4314 1308 4390 βασιλεύς.
1334 4316 1458 4392 idemque
1477 4316 1509 4373 ad
1527 4318 1639 4374 Acharn.
1657 4338 1681 4375 v.
1703 4324 1786 4381 losa.
1850 4326 1853 4331 '

268 4380 323 4438 Sed
341 4382 368 4438 hi
405 4391 508 4438 nattuor
525 4381 704 4468 regumulochi
722 4383 798 4440 valde
816 4395 879 4441 sunt
895 4388 988 4443 incerti
1000 4395 1080 4462 atque
1092 4386 1211 4453 ohscuri;
1231 4386 1263 4444 cl.
1276 4389 1309 4443 Ο.
1321 4386 1441 4446 llueller.
1453 4387 1470 4444 l.
1483 4409 1505 4447 c.
1523 4389 1556 4448 ll.
1573 4411 1599 4468 p.
1613 4393 1666 4446 238
1685 4403 1742 4449 not.
1755 4400 1784 4453 4.

223 4460 248 4525 2)
267 4453 321 4509 lam
340 4452 373 4510 G.
417 4473 554 4510 ermannus
572 4463 673 4582 optime
691 4454 851 4513 emendavit:
870 4455 906 4527 δ’,
926 4457 962 4512 w‘s
979 4458 1185 4532 Ἀριστοφάνης.

223 4531 249 4594 ³)
268 4524 319 4615 leg.
331 4527 468 4599 Σκιριτῶν
487 4546 545 4584 cum
563 4523 585 4582 T
605 4525 717 4601 ucydide
735 4529 794 4605 ipso
810 4526 843 4587 V.
862 4548 883 4585 c
896 4532 943 4587 68:
963 4529 1041 4600 λόχοι
1059 4534 1109 4600 μὲν
1127 4531 1179 4603 yolo
1199 4530 1331 4602 ἐμάχοντο
1349 4526 1425 4599 iared,
1443 4532 1514 4601 πλήν
1526 4532 1672 4606 Σκιριτῶν,
1692 4533 1786 4595 όντων
1897 4566 1903 4593 .=

268 4598 420 4662 σξακσσίοιν.

1130 4648 1136 4659 ’
1236 4682 1360 4771 Εσιι.Ἀ
1377 4683 1458 4774 dd.
1493 4684 1717 4778 Salomon.

796 4874 1185 4907 -.-m-§.ffl-

1896 4710 1903 4779 ί
